,category,sub_category,product_item,product_name,product_price,product_per_kg/lr,shipping_cost,shipping_duration,date_time,prod_description,storage_information,manf_address,Ingredients,Calorif_val_kf,cal_val_kcal,fat,saturated_fat,carbohydrates,sugar_carbohydrates,protein,salt,product_url,product_image
0,Lebensmittel,Kaffee & Tee,Kaffee ganze Bohnen,Schweitzers Schüümli Mild & Sanft Bohnen 1KG,"16,99 €","16,99 €/kg","inkl. MwSt., zzgl. 4.95 € Versandkosten.",lieferbar innerhalb von 2-5 Werktagen,2023-05-02 22:50:19.726895,Röstkaffee in Bohnen,"Hinweis zur Aufbewahrung: Kühl, trocken und vor Licht geschützt lagern. Packung nach dem Öffnen wieder gut verschliessen. Zum raschen Verbrauch bestimmt.","Verantwortliches Lebensmittelunternehmen:
Swiss Industries GmbH, D-79576 Weil am Rhein.",Zutatenverzeichnis: Röstkaffee,,,,,,,,,https://www.edeka24.de/index.php?cl=details&anid=4l84cfe440f198ca2.84097628&emcs0=3&emcs1=Kategorieseite%20-%20Topseller&emcs2=&emcs3=831595009,https://www.edeka24.de/out/pictures/generated/product/1/540_540_90/schweitzschmlimildsanftbohne.jpg
1,Lebensmittel,Kaffee & Tee,Kaffee ganze Bohnen,Cellini Espresso Prestigio 100% Arabica Bohnen 1kg,"20,99 €","20,99 €/kg","inkl. MwSt., zzgl. 4.95 € Versandkosten.",lieferbar innerhalb von 2-5 Werktagen,2023-05-02 22:50:22.085332,"Original italienscher Espresso-Kaffee in Bohnen, vakuumverpackt",,"Verantwortliches Lebensmittelunternehmen:
CELLINI Deutschland GmbH, Friedrich-Legahn-Strasse 22, D-22587 Hamburg",,,,,,,,,,https://www.edeka24.de/index.php?cl=details&anid=madbdJemfLTKr1cGWBzBEd-1&emcs0=3&emcs1=Kategorieseite%20-%20Topseller&emcs2=&emcs3=745620004,https://www.edeka24.de/out/pictures/generated/product/1/540_540_90/celliniprestigio.jpg
2,Lebensmittel,Kaffee & Tee,Kaffee ganze Bohnen,Dallmayr Prodomo entkoffeiniert ganze Bohnen 500G,"8,49 €","16,98 €/kg","inkl. MwSt., zzgl. 4.95 € Versandkosten.",lieferbar innerhalb von 2-5 Werktagen,2023-05-02 22:50:24.906321,Kaffee geröstet entcoffeiniert,,"Verantwortliches Lebensmittelunternehmen:
Alois Dallmayr Kaffee OHG, Dienerstr. 14-15, D-80331 München",,180,749,13,"5,9",24,"1,5",9,"0,03",https://www.edeka24.de/index.php?cl=details&anid=c284d997e2a8c1621.03477514&emcs0=3&emcs1=Kategorieseite%20-%20Topseller&emcs2=&emcs3=713163009,https://www.edeka24.de/out/pictures/generated/product/1/540_540_90/dallmayrprodentcoff.jpg
3,Lebensmittel,Kaffee & Tee,Kaffee ganze Bohnen,Melitta BellaCrema Kaffee LaCrema ganze Bohnen 1kg,"11,99 €","11,99 €/kg","inkl. MwSt., zzgl. 4.95 € Versandkosten.",lieferbar innerhalb von 2-5 Werktagen,2023-05-02 22:50:28.486259,Röstkaffee in ganzen Bohnen,,"Verantwortliches Lebensmittelunternehmen:
Melitta Europa GmbH & Co.KG Geschäftsbereich Kaffee, Dortmunder Str. 1, 28199 Bremen",,,,,,,,,,https://www.edeka24.de/index.php?cl=details&anid=pfa4a0d0e0391c5d4.58491841&emcs0=3&emcs1=Kategorieseite%20-%20Topseller&emcs2=&emcs3=683830002,https://www.edeka24.de/out/pictures/generated/product/1/540_540_90/melitta_bellacrema_kaffee_lacrema_ganze_bohnen_1kg(1).jpg
4,Lebensmittel,Kaffee & Tee,Kaffee ganze Bohnen,Schweitzers Schüümli Crema entkoffeiniert Bohnen 500G,"7,69 €","15,38 €/kg","inkl. MwSt., zzgl. 4.95 € Versandkosten.",lieferbar innerhalb von 2-5 Werktagen,2023-05-02 22:50:31.649836,Röstkaffe in Bohnen,"Hinweis zur Aufbewahrung: Kühl, trocken und vor licht geschützt lagern. Packung nach dem Öffnen wieder gut verschliessen. Zum raschen Verbrauch bestimmt.","Verantwortliches Lebensmittelunternehmen:
Swiss Industrie GmbH, D-79576 Weil am Rhein",Zutatenverzeichnis: Röstkaffee,,,,,,,,,https://www.edeka24.de/index.php?cl=details&anid=fq2DaHBqCupAoGfGWBzBEd-1&emcs0=3&emcs1=Kategorieseite%20-%20Topseller&emcs2=&emcs3=664822000,https://www.edeka24.de/out/pictures/generated/product/1/540_540_90/schweitzschmlientkoffcremabohne.jpg
6,Lebensmittel,Kaffee & Tee,Kaffee ganze Bohnen,Schweitzers Schüümli Crema Bohnen 1KG,"16,99 €","16,99 €/kg","inkl. MwSt., zzgl. 4.95 € Versandkosten.",lieferbar innerhalb von 2-5 Werktagen,2023-05-02 22:50:36.232841,Röstkaffee ganze Bohnen,"Hinweis zur Aufbewahrung: Kühl, trocken und vor Licht geschützt lagern. Packung nach dem Öffnen wieder gut verschließen. Zum raschen Verbrauch bestimmt.","Verantwortliches Lebensmittelunternehmen:
Swiss Industries GmbH, Hafenstr. 45, D-79576 Weil am Rhein",Zutatenverzeichnis: Unter Schutzatmosphäre verpackt.,,,,,,,,,https://www.edeka24.de/Lebensmittel/Kaffee-Tee/Kaffee-ganze-Bohnen/Schweitzers-Schueuemli-Crema-Bohnen-1KG.html,https://www.edeka24.de/out/pictures/generated/product/1/540_540_90/schweitzschmlicremabohne.jpg
7,Lebensmittel,Kaffee & Tee,Kaffee ganze Bohnen,Lavazza Crema e Aroma Bohnen 1KG,"15,99 €","15,99 €/kg","inkl. MwSt., zzgl. 4.95 € Versandkosten.",lieferbar innerhalb von 2-5 Werktagen,2023-05-02 22:50:37.782760,Kaffeebohnen,,"Verantwortliches Lebensmittelunternehmen:
LUIGI LAVAZZA S.p.A., C. SO NOVARA, 59- 10154 TORINO - ITALIA",Zutatenverzeichnis: Kaffeebohnen,,,,,,,,,https://www.edeka24.de/Lebensmittel/Kaffee-Tee/Kaffee-ganze-Bohnen/Lavazza-Crema-e-Aroma-Bohnen-1KG.html,https://www.edeka24.de/out/pictures/generated/product/1/540_540_90/cremaearoma_1000g_front_ean_8000070025400.jpg
8,Lebensmittel,Kaffee & Tee,Kaffee ganze Bohnen,Dallmayr Prodomo entkoffeiniert ganze Bohnen 500G,"8,49 €","16,98 €/kg","inkl. MwSt., zzgl. 4.95 € Versandkosten.",lieferbar innerhalb von 2-5 Werktagen,2023-05-02 22:50:39.806896,Kaffee geröstet entcoffeiniert,,"Verantwortliches Lebensmittelunternehmen:
Alois Dallmayr Kaffee OHG, Dienerstr. 14-15, D-80331 München",,180,749,13,"5,9",24,"1,5",9,"0,03",https://www.edeka24.de/Lebensmittel/Kaffee-Tee/Kaffee-ganze-Bohnen/Dallmayr-Prodomo-entkoffeiniert-ganze-Bohnen-500G.html,https://www.edeka24.de/out/pictures/generated/product/1/540_540_90/dallmayrprodentcoff.jpg
9,Lebensmittel,Kaffee & Tee,Kaffee ganze Bohnen,Schweitzers Schüümli Crema entkoffeiniert Bohnen 500G,"7,69 €","15,38 €/kg","inkl. MwSt., zzgl. 4.95 € Versandkosten.",lieferbar innerhalb von 2-5 Werktagen,2023-05-02 22:50:41.934724,Röstkaffe in Bohnen,"Hinweis zur Aufbewahrung: Kühl, trocken und vor licht geschützt lagern. Packung nach dem Öffnen wieder gut verschliessen. Zum raschen Verbrauch bestimmt.","Verantwortliches Lebensmittelunternehmen:
Swiss Industrie GmbH, D-79576 Weil am Rhein",Zutatenverzeichnis: Röstkaffee,,,,,,,,,https://www.edeka24.de/Lebensmittel/Kaffee-Tee/Kaffee-ganze-Bohnen/Schweitzers-Schueuemli-Crema-entkoffeiniert-Bohnen-500G.html,https://www.edeka24.de/out/pictures/generated/product/1/540_540_90/schweitzschmlientkoffcremabohne.jpg
10,Lebensmittel,Kaffee & Tee,Kaffee ganze Bohnen,Melitta BellaCrema Kaffee LaCrema ganze Bohnen 1kg,"11,99 €","11,99 €/kg","inkl. MwSt., zzgl. 4.95 € Versandkosten.",lieferbar innerhalb von 2-5 Werktagen,2023-05-02 22:50:43.768269,Röstkaffee in ganzen Bohnen,,"Verantwortliches Lebensmittelunternehmen:
Melitta Europa GmbH & Co.KG Geschäftsbereich Kaffee, Dortmunder Str. 1, 28199 Bremen",,,,,,,,,,https://www.edeka24.de/Lebensmittel/Kaffee-Tee/Kaffee-ganze-Bohnen/Melitta-BellaCrema-Kaffee-LaCrema-ganze-Bohnen-1kg.html,https://www.edeka24.de/out/pictures/generated/product/1/540_540_90/melitta_bellacrema_kaffee_lacrema_ganze_bohnen_1kg(1).jpg
11,Lebensmittel,Kaffee & Tee,Kaffee ganze Bohnen,Mövenpick Café Crema Bohnen 1KG,"17,99 €","17,99 €/kg","inkl. MwSt., zzgl. 4.95 € Versandkosten.",lieferbar innerhalb von 2-5 Werktagen,2023-05-02 22:50:46.312452,Röstkaffee in ganzen Bohnen,,"Verantwortliches Lebensmittelunternehmen:
J. J. Darboven GmbH & Co. KG, Pinkertweg 13, D-22113 Hamburg",Zutatenverzeichnis: Kaffeebohnen keine deklarationspflichtigen Allergene enthalten,194,811,"13,4",5,"1,5","1,5",14,"0,03",https://www.edeka24.de/Lebensmittel/Kaffee-Tee/Kaffee-ganze-Bohnen/Moevenpick-Caf-Crema-Bohnen-1KG.html,https://www.edeka24.de/out/pictures/generated/product/1/540_540_90/mvenpick_caf_crema_bohnen_1000g.jpg
12,Lebensmittel,Kaffee & Tee,Kaffee ganze Bohnen,Mövenpick Der Himmlische Kaffee Bohnen 500G,"8,99 €","17,98 €/kg","inkl. MwSt., zzgl. 4.95 € Versandkosten.",lieferbar innerhalb von 2-5 Werktagen,2023-05-02 22:50:48.765359,Röstkaffee in ganzen Bohnen,,"Verantwortliches Lebensmittelunternehmen:
J. J. Darboven GmbH & Co. KG, Pinkertweg 13, D-22113 Hamburg",,194,811,"13,4",5,"1,5","1,5",14,"0,03",https://www.edeka24.de/Lebensmittel/Kaffee-Tee/Kaffee-ganze-Bohnen/Moevenpick-Der-Himmlische-Kaffee-Bohnen-500G.html,https://www.edeka24.de/out/pictures/generated/product/1/540_540_90/mvenpickhimmlischgb.jpg
13,Lebensmittel,Kaffee & Tee,Kaffee ganze Bohnen,Melitta BellaCrema Decaffeinato 1KG,"11,99 €","11,99 €/kg","inkl. MwSt., zzgl. 4.95 € Versandkosten.",lieferbar innerhalb von 2-5 Werktagen,2023-05-02 22:50:51.204047,"Röstkaffee in ganzen Bohnen, entkoffeiniert",,"Verantwortliches Lebensmittelunternehmen:
Melitta Europa GmbH & Co. KG, Dortmunder Straße 1, 28199 Bremen",,,,,,,,,,https://www.edeka24.de/Lebensmittel/Kaffee-Tee/Kaffee-ganze-Bohnen/Melitta-BellaCrema-Decaffeinato-1KG.html,https://www.edeka24.de/out/pictures/generated/product/1/540_540_90/melitta_bellacrema_decaffeinated_1kg.jpg
14,Lebensmittel,Kaffee & Tee,Kaffee ganze Bohnen,Schweitzers Schüümli Mild & Sanft Bohnen 1KG,"16,99 €","16,99 €/kg","inkl. MwSt., zzgl. 4.95 € Versandkosten.",lieferbar innerhalb von 2-5 Werktagen,2023-05-02 22:50:53.453573,Röstkaffee in Bohnen,"Hinweis zur Aufbewahrung: Kühl, trocken und vor Licht geschützt lagern. Packung nach dem Öffnen wieder gut verschliessen. Zum raschen Verbrauch bestimmt.","Verantwortliches Lebensmittelunternehmen:
Swiss Industries GmbH, D-79576 Weil am Rhein.",Zutatenverzeichnis: Röstkaffee,,,,,,,,,https://www.edeka24.de/Lebensmittel/Kaffee-Tee/Kaffee-ganze-Bohnen/Schweitzers-Schueuemli-Mild-Sanft-Bohnen-1KG.html,https://www.edeka24.de/out/pictures/generated/product/1/540_540_90/schweitzschmlimildsanftbohne.jpg
15,Lebensmittel,Kaffee & Tee,Kaffee ganze Bohnen,Monti Gran Espresso Bohnen 1KG,"10,99 €","10,99 €/kg","inkl. MwSt., zzgl. 4.95 € Versandkosten.",lieferbar innerhalb von 2-5 Werktagen,2023-05-02 22:50:56.083377,Blend aus Robusta- und Arabica Bohnen.,,"Verantwortliches Lebensmittelunternehmen:
Remy & Kohlhaas GmbH, Große Hub 9, 65344 Eltville am Rhein",Zutatenverzeichnis: 70% Robusta und 30% Arabica.,,,,,,,,,https://www.edeka24.de/Lebensmittel/Kaffee-Tee/Kaffee-ganze-Bohnen/Monti-Gran-Espresso-Bohnen-1KG.html,https://www.edeka24.de/out/pictures/generated/product/1/540_540_90/monti_granespresso_1000g_frontal.jpg
16,Lebensmittel,Kaffee & Tee,Kaffee ganze Bohnen,Lavazza Caffe Crema Classico Bohne 1KG,"15,99 €","15,99 €/kg","inkl. MwSt., zzgl. 4.95 € Versandkosten.",lieferbar innerhalb von 2-5 Werktagen,2023-05-02 22:50:58.496553,Kaffeebohnen,,"Verantwortliches Lebensmittelunternehmen:
LUIGI LAVAZZA S.p.A., C. SO NOVARA, 59- 10154 TORINO - ITALIA",Zutatenverzeichnis: Kaffebohnen,,,,,,,,,https://www.edeka24.de/Lebensmittel/Kaffee-Tee/Kaffee-ganze-Bohnen/Lavazza-Caffe-Crema-Classico-Bohne-1KG.html,https://www.edeka24.de/out/pictures/generated/product/1/540_540_90/lavazza_caffe_crema_classico_ganze_bohne.jpg
17,Lebensmittel,Kaffee & Tee,Kaffee ganze Bohnen,Melitta BellaCrema Kaffee Speciale ganze Bohnen 1kg,"11,99 €","11,99 €/kg","inkl. MwSt., zzgl. 4.95 € Versandkosten.",lieferbar innerhalb von 2-5 Werktagen,2023-05-02 22:51:02.148425,Röstkaffee in ganzen Bohnen,,"Verantwortliches Lebensmittelunternehmen:
Melitta Europa GmbH & Co.KG Geschäftsbereich Kaffee, Dortmunder Str. 1, 28199 Bremen",,,,,,,,,,https://www.edeka24.de/Lebensmittel/Kaffee-Tee/Kaffee-ganze-Bohnen/Melitta-BellaCrema-Kaffee-Speciale-ganze-Bohnen-1kg.html,https://www.edeka24.de/out/pictures/generated/product/1/540_540_90/melitta_bellacrema_kaffee_speciale_ganze_bohnen_1kg(1).jpg
18,Lebensmittel,Kaffee & Tee,Kaffee ganze Bohnen,Dallmayr Kaffee Prodomo ganze Bohnen 500G,"8,49 €","16,98 €/kg","inkl. MwSt., zzgl. 4.95 € Versandkosten.",lieferbar innerhalb von 2-5 Werktagen,2023-05-02 22:51:04.116533,Kaffee geröstet,,"Verantwortliches Lebensmittelunternehmen:
Alois Dallmayr Kaffee OHG, Dienerstr. 14-15, D-80331 München",,180,749,13,"5,9",24,"1,5",9,"0,03",https://www.edeka24.de/Lebensmittel/Kaffee-Tee/Kaffee-ganze-Bohnen/Dallmayr-Kaffee-Prodomo-ganze-Bohnen-500G.html,https://www.edeka24.de/out/pictures/generated/product/1/540_540_90/dallmayr_kaffee_prodomo_ganze_bohnen.jpg
19,Lebensmittel,Kaffee & Tee,Kaffee ganze Bohnen,Schweitzers Schüümli Helle Röstung Bohnen 500G,"7,69 €","15,38 €/kg","inkl. MwSt., zzgl. 4.95 € Versandkosten.",lieferbar innerhalb von 2-5 Werktagen,2023-05-02 22:51:06.548743,Röstkaffee in Bohnen,"Hinweis zur Aufbewahrung: Kühl, trocken und vor Licht geschützt lagern. Packung nach dem Öffnen wieder gut verschliessen. Zum raschen Verbrauch bestimmt.","Verantwortliches Lebensmittelunternehmen:
Swiss Industries GmbH, D-79576 Weil am Rhein.",Zutatenverzeichnis: Röstkaffee,,,,,,,,,https://www.edeka24.de/Lebensmittel/Kaffee-Tee/Kaffee-ganze-Bohnen/Schweitzers-Schueuemli-Helle-Roestung-Bohnen-500G.html,https://www.edeka24.de/out/pictures/generated/product/1/540_540_90/schweitzschmlihellerstbohne.jpg
20,Lebensmittel,Kaffee & Tee,Kaffee ganze Bohnen,Schweitzers Schüümli Dunkle Röstung Bohnen 500G,"7,69 €","15,38 €/kg","inkl. MwSt., zzgl. 4.95 € Versandkosten.",lieferbar innerhalb von 2-5 Werktagen,2023-05-02 22:51:08.408160,Röstkaffee in Bohnen,"Hinweis zur Aufbewahrung: Kühl, trocken und vor Licht geschützt lagern. Packung nach dem Öffnen wieder gut verschliessen. Zum raschen Verbrauch bestimmt.","Verantwortliches Lebensmittelunternehmen:
Swiss Industries GmbH, D-79576 Weil am Rhein.",Zutatenverzeichnis: Röstkaffee,,,,,,,,,https://www.edeka24.de/Lebensmittel/Kaffee-Tee/Kaffee-ganze-Bohnen/Schweitzers-Schueuemli-Dunkle-Roestung-Bohnen-500G.html,https://www.edeka24.de/out/pictures/generated/product/1/540_540_90/schweitzschmlidunklerstbohne.jpg
22,Lebensmittel,Kaffee & Tee,Kaffee ganze Bohnen,Lavazza Caffe Crema Dolce Bohnen 1KG,"15,99 €","15,99 €/kg","inkl. MwSt., zzgl. 4.95 € Versandkosten.",lieferbar innerhalb von 2-5 Werktagen,2023-05-02 22:51:12.391630,Kaffeebohnen,,"Verantwortliches Lebensmittelunternehmen:
LUIGI LAVAZZA S.p.A., C. SO NOVARA, 59- 10154 TORINO - ITALIA",Zutatenverzeichnis: Kaffeebohnen,,,,,,,,,https://www.edeka24.de/Lebensmittel/Kaffee-Tee/Kaffee-ganze-Bohnen/Lavazza-Caffe-Crema-Dolce-Bohnen-1KG.html,https://www.edeka24.de/out/pictures/generated/product/1/540_540_90/caffecrema_dolce_1000g_front_ean_8000070027435.jpg
23,Lebensmittel,Kaffee & Tee,Kaffee ganze Bohnen,Dallmayr Home Barista Caffè Crema Forte ganze Bohne 1KG,"15,99 €","15,99 €/kg","inkl. MwSt., zzgl. 4.95 € Versandkosten.",lieferbar innerhalb von 2-5 Werktagen,2023-05-02 22:51:13.936884,-,,"Verantwortliches Lebensmittelunternehmen:
Alois Dallmayer, Dienerstrasse 14-15, 80331 München",,,,,,,,,,https://www.edeka24.de/Lebensmittel/Kaffee-Tee/Kaffee-ganze-Bohnen/Dallmayr-Home-Barista-Caff-Crema-Forte-ganze-Bohne-1KG.html,https://www.edeka24.de/out/pictures/generated/product/1/540_540_90/dallmayr_home_barista_caffee_crema_forte_rainforest_alliance_identity_preserved_ganze_bohne_1kg.jpg
24,Lebensmittel,Kaffee & Tee,Kaffee ganze Bohnen,Jacobs Barista Editions Crema Bohne 1kg,"16,99 €","16,99 €/kg","inkl. MwSt., zzgl. 4.95 € Versandkosten.",lieferbar innerhalb von 2-5 Werktagen (geringer Lagerbestand),2023-05-02 22:51:16.066838,"Röstkaffee, ganze Bohnen.","Hinweis zur Aufbewahrung: Geöffnete Packung gut verschlossen, kühl und trocken aufbewahren.","Verantwortliches Lebensmittelunternehmen:
JACOBS DOUWE EGBERTS, Oosterdoksstraat 80, NL-1011 DK Amsterdam Langemarckstraße 4-20, D-28199 Bremen",,,,,,,,,,https://www.edeka24.de/Lebensmittel/Kaffee-Tee/Kaffee-ganze-Bohnen/Jacobs-Barista-Editions-Crema-Bohne-1kg.html,https://www.edeka24.de/out/pictures/generated/product/1/540_540_90/jacobsbaristacrema.jpg
25,Lebensmittel,Kaffee & Tee,Kaffee ganze Bohnen,EDEKA Genussmomente Kaffee Honduras Hacienda Montecristo ganze Bohnen 500G,"7,49 €","14,98 €/kg","inkl. MwSt., zzgl. 4.95 € Versandkosten.",lieferbar innerhalb von 2-5 Werktagen,2023-05-02 22:51:18.205796,"Röstkaffe, ganze Bohnen",Hinweis zur Aufbewahrung: Kühl und trocken lagern.,"Verantwortliches Lebensmittelunternehmen:
EDEKA ZENTRALE Stiftung & Co. KG, D-22291 Hamburg",,,,,,,,,,https://www.edeka24.de/Lebensmittel/Kaffee-Tee/Kaffee-ganze-Bohnen/EDEKA-Genussmomente-Kaffee-Honduras-Hacienda-Montecristo-ganze-Bohnen-500G.html,https://www.edeka24.de/out/pictures/generated/product/1/540_540_90/edekagmhonduras.jpg
26,Lebensmittel,Kaffee & Tee,Kaffee ganze Bohnen,Dallmayr Crema d´Oro Kaffee ganze Bohnen 1 kg,"17,99 €","17,99 €/kg","inkl. MwSt., zzgl. 4.95 € Versandkosten.",lieferbar innerhalb von 2-5 Werktagen,2023-05-02 22:51:20.453816,Kaffee geröstet,,"Verantwortliches Lebensmittelunternehmen:
Alois Dallmayr Kaffee OHG, Dienerstr. 14-15, D-80331 München",Zutatenverzeichnis: Kaffeebohnen,,,,,,,,,https://www.edeka24.de/Lebensmittel/Kaffee-Tee/Kaffee-ganze-Bohnen/Dallmayr-Crema-d-Oro-Kaffee-ganze-Bohnen-1-kg.html,https://www.edeka24.de/out/pictures/generated/product/1/540_540_90/dallmayr_crema_doro_kaffee_ganze_bohnen.jpg
27,Lebensmittel,Kaffee & Tee,Kaffee ganze Bohnen,Monti Gran Crema Bohnen 1KG,"10,99 €","10,99 €/kg","inkl. MwSt., zzgl. 4.95 € Versandkosten.",lieferbar innerhalb von 2-5 Werktagen,2023-05-02 22:51:23.582357,Blend aus Robusta- und Arabica Bohnen.,,"Verantwortliches Lebensmittelunternehmen:
Remy & Kohlhaas GmbH, Große Hub 9, 65344 Eltville am Rhein",Zutatenverzeichnis: 70% Robusta und 30% Arabica.,,,,,,,,,https://www.edeka24.de/Lebensmittel/Kaffee-Tee/Kaffee-ganze-Bohnen/Monti-Gran-Crema-Bohnen-1KG.html,https://www.edeka24.de/out/pictures/generated/product/1/540_540_90/monti_grancrema_1000g_frontal.jpg
29,Lebensmittel,Kaffee & Tee,Kaffee ganze Bohnen,Mövenpick Espresso Bohnen 1KG,"17,99 €","17,99 €/kg","inkl. MwSt., zzgl. 4.95 € Versandkosten.",lieferbar innerhalb von 2-5 Werktagen,2023-05-02 22:51:28.107017,Röstkaffee in ganzen Bohnen,,"Verantwortliches Lebensmittelunternehmen:
J. J. Darboven GmbH & Co. KG, Pinkertweg 13, D-22113 Hamburg",,194,811,"13,4",5,"1,5","1,5",14,"0,03",https://www.edeka24.de/Lebensmittel/Kaffee-Tee/Kaffee-ganze-Bohnen/Moevenpick-Espresso-Bohnen-1KG.html,https://www.edeka24.de/out/pictures/generated/product/1/540_540_90/mvenpick_espresso_bohnen_1000g.jpg
31,Lebensmittel,Kaffee & Tee,Kaffee ganze Bohnen,Dallmayr Home Barista Espresso Intenso ganze Bohne 1KG,"15,99 €","15,99 €/kg","inkl. MwSt., zzgl. 4.95 € Versandkosten.",lieferbar innerhalb von 2-5 Werktagen,2023-05-02 22:51:32.603964,-,,"Verantwortliches Lebensmittelunternehmen:
Alois Dallmayer, Dienerstrasse 14-15, 80331 München",,,,,,,,,,https://www.edeka24.de/Lebensmittel/Kaffee-Tee/Kaffee-ganze-Bohnen/Dallmayr-Home-Barista-Espresso-Intenso-ganze-Bohne-1KG.html,https://www.edeka24.de/out/pictures/generated/product/1/540_540_90/dallmayr_home_barista_espersso_rainforest_alliance_identity_preserved_ganze_bohne_1kg.jpg
32,Lebensmittel,Kaffee & Tee,Kaffee ganze Bohnen,Schümli Espresso Bohne 1kg,"14,99 €","14,99 €/kg","inkl. MwSt., zzgl. 4.95 € Versandkosten.",lieferbar innerhalb von 2-5 Werktagen,2023-05-02 22:51:34.583592,-,,"Verantwortliches Lebensmittelunternehmen:
Delica AG, CH-4127 Birsfelden",,,,,,,,,,https://www.edeka24.de/Lebensmittel/Kaffee-Tee/Kaffee-ganze-Bohnen/Schuemli-Espresso-Bohne-1kg.html,https://www.edeka24.de/out/pictures/generated/product/1/540_540_90/schmliespresso.jpg
33,Lebensmittel,Kaffee & Tee,Kaffee ganze Bohnen,Darboven Café Intención ecológico Café Crema Bio Fairtrade 1KG,"19,99 €","19,99 €/kg","inkl. MwSt., zzgl. 4.95 € Versandkosten.",lieferbar innerhalb von 2-5 Werktagen,2023-05-02 22:51:36.618662,Röstkaffee in ganzen Bohnen. 100% Arabica.,,"Verantwortliches Lebensmittelunternehmen:
J. J. Darboven GmbH & Co. KG, Pinkertweg 13, D-22113 Hamburg",,811,194,"13,4",5,"1,5","1,5",14,"0,03",https://www.edeka24.de/Lebensmittel/Kaffee-Tee/Kaffee-ganze-Bohnen/Darboven-Caf-Intenci-n-ecol-gico-Caf-Crema-Bio-Fairtrade-1KG.html,https://www.edeka24.de/out/pictures/generated/product/1/540_540_90/darboven_caf_intencin_ecolgico_caf_crema_bio_fairtrade1_kg.jpg
34,Lebensmittel,Kaffee & Tee,Kaffee ganze Bohnen,EDEKA Genussmomente Cerrado Café mild & fein 500G,"7,49 €","14,98 €/kg","inkl. MwSt., zzgl. 4.95 € Versandkosten.",lieferbar innerhalb von 2-5 Werktagen,2023-05-02 22:51:38.634072,"Röstkaffe, ganze Bohnen",Hinweis zur Aufbewahrung: Kühl und trocken lagern.,"Verantwortliches Lebensmittelunternehmen:
EDEKA ZENTRALE Stiftung & Co. KG, D-22291 Hamburg",,,,,,,,,,https://www.edeka24.de/Lebensmittel/Kaffee-Tee/Kaffee-ganze-Bohnen/EDEKA-Genussmomente-Cerrado-Caf-mild-fein-500G.html,https://www.edeka24.de/out/pictures/generated/product/1/540_540_90/edeka_genussmomente_cerrado_caf_mild_amp_fein_500g.jpg
36,Lebensmittel,Kaffee & Tee,Kaffee ganze Bohnen,Jacobs Krönung Aroma-Bohnen 500G,"7,99 €","15,98 €/kg","inkl. MwSt., zzgl. 4.95 € Versandkosten.",lieferbar innerhalb von 2-5 Werktagen,2023-05-02 22:51:44.428503,Röstkaffee ganze Bohnen,,"Verantwortliches Lebensmittelunternehmen:
Jacobs Douwe Egberts DE GmbH, Langemarckstraße 4 - 20, D-28199 Bremen",,,,,,,,,,https://www.edeka24.de/Lebensmittel/Kaffee-Tee/Kaffee-ganze-Bohnen/Jacobs-Kroenung-Aroma-Bohnen-500G.html,https://www.edeka24.de/out/pictures/generated/product/1/540_540_90/jacobsaromabohnen.jpg
37,Lebensmittel,Kaffee & Tee,Kaffee ganze Bohnen,Cellini Espresso Crema e Aroma Bohnen 1kg,"19,99 €","19,99 €/kg","inkl. MwSt., zzgl. 4.95 € Versandkosten.",lieferbar innerhalb von 2-5 Werktagen,2023-05-02 22:51:46.283925,Original italienscher Espresso-Kaffee in Bohnen,Hinweis zur Aufbewahrung: Vor direkter Sonneneinstrahlung und Wärme schützen. Nach dem Öffnen möglichst innerhalb von 2-4 Wochen verbrauchen.,"Verantwortliches Lebensmittelunternehmen:
Cellini S.p.A., Lungotorrente Secca 3r, 16163 Genova, Italia",,,,,,,,,,https://www.edeka24.de/Lebensmittel/Kaffee-Tee/Kaffee-ganze-Bohnen/Cellini-Espresso-Crema-e-Aroma-Bohnen-1kg.html,https://www.edeka24.de/out/pictures/generated/product/1/540_540_90/cremaearomafront.jpg
38,Lebensmittel,Kaffee & Tee,Kaffee ganze Bohnen,Schweitzers Schüümli naturmild Bohnen 500G,"7,69 €","15,38 €/kg","inkl. MwSt., zzgl. 4.95 € Versandkosten.",lieferbar innerhalb von 2-5 Werktagen,2023-05-02 22:51:48.560866,Röstkaffee in Bohnen,"Hinweis zur Aufbewahrung: Kühl, trocken unf vor Licht geschützt lagern. Packung nach dem Öffnen wieder gut verschliessen. Zum raschen Verbrauch bestimmt.","Verantwortliches Lebensmittelunternehmen:
Swiss Industries GmbH, D-79576 Weil am Rhein.",Zutatenverzeichnis: Röstkaffee,,,,,,,,,https://www.edeka24.de/Lebensmittel/Kaffee-Tee/Kaffee-ganze-Bohnen/Schweitzers-Schueuemli-naturmild-Bohnen-500G.html,https://www.edeka24.de/out/pictures/generated/product/1/540_540_90/schweitzschmlinaturmildbohne.jpg
39,Lebensmittel,Kaffee & Tee,Kaffee ganze Bohnen,Schweitzers Schüümli Espresso Bohnen 1KG,"16,99 €","16,99 €/kg","inkl. MwSt., zzgl. 4.95 € Versandkosten.",lieferbar innerhalb von 2-5 Werktagen,2023-05-02 22:51:50.209176,Röstkaffee in Bohnen,"Hinweis zur Aufbewahrung: Kühl, trocken und vor Licht geschützt lagern. Packung nach dem Öffnen wieder gut verschliessen. Zum raschen Verbrauch bestimmt.","Verantwortliches Lebensmittelunternehmen:
Swiss Industries GmbH, D-79576 Weil am Rhein.",Zutatenverzeichnis: Röstkaffee,,,,,,,,,https://www.edeka24.de/Lebensmittel/Kaffee-Tee/Kaffee-ganze-Bohnen/Schweitzers-Schueuemli-Espresso-Bohnen-1KG.html,https://www.edeka24.de/out/pictures/generated/product/1/540_540_90/schweitzschmliespressbohne.jpg
41,Lebensmittel,Kaffee & Tee,Kaffee ganze Bohnen,Schümli Crema Kaffee ganze Bohnen 1KG,"14,99 €","14,99 €/kg","inkl. MwSt., zzgl. 4.95 € Versandkosten.",lieferbar innerhalb von 2-5 Werktagen,2023-05-02 22:51:53.503573,Röstkaffee in Bohnen. 100% Arabica.,"Hinweis zur Aufbewahrung: Kühl, trocken und vor Licht geschützt lagern.","Verantwortliches Lebensmittelunternehmen:
Delica AG, Hafenstrasse 120, 4127 Birsfelden (Schweiz)",,,,,,,,,,https://www.edeka24.de/Lebensmittel/Kaffee-Tee/Kaffee-ganze-Bohnen/Schuemli-Crema-Kaffee-ganze-Bohnen-1KG.html,https://www.edeka24.de/out/pictures/generated/product/1/540_540_90/schmli_crema_kaffee_ganze_bohnen_1kg.jpg
44,Lebensmittel,Kaffee & Tee,Kaffee ganze Bohnen,Lavazza Caffe Qualita Rossa Bohnen 1KG,"17,49 €","17,49 €/kg","inkl. MwSt., zzgl. 4.95 € Versandkosten.",lieferbar innerhalb von 2-5 Werktagen,2023-05-02 22:52:01.317512,Kaffeebohnen.,Hinweis zur Aufbewahrung: trocken und kühl,"Verantwortliches Lebensmittelunternehmen:
LUIGI LAVAZZA S.p.A., C. SO NOVARA, 59- 10154 TORINO - ITALIA",,,,,,,,,,https://www.edeka24.de/Lebensmittel/Kaffee-Tee/Kaffee-ganze-Bohnen/Lavazza-Caffe-Qualita-Rossa-Bohnen-1KG.html,https://www.edeka24.de/out/pictures/generated/product/1/540_540_90/lavazza_caffe_qualita_rossa_ganze_bohnen.jpg
45,Lebensmittel,Kaffee & Tee,Kaffee ganze Bohnen,Dallmayr Prodomo Caffee Crema ganze Bohnen 1kg,"17,99 €","17,99 €/kg","inkl. MwSt., zzgl. 4.95 € Versandkosten.",lieferbar innerhalb von 2-5 Werktagen,2023-05-02 22:52:03.823055,-,,,,,,,,,,,,https://www.edeka24.de/Lebensmittel/Kaffee-Tee/Kaffee-ganze-Bohnen/Dallmayr-Prodomo-Caffee-Crema-ganze-Bohnen-1kg.html,https://www.edeka24.de/out/pictures/generated/product/1/540_540_90/dallmayr_prodomo_caffee_crema_ganze_bohnen_1kg.jpg
46,Lebensmittel,Kaffee & Tee,Kaffee ganze Bohnen,Jacobs Barista Editions Espresso Bohne 1KG,"16,99 €","16,99 €/kg","inkl. MwSt., zzgl. 4.95 € Versandkosten.",lieferbar innerhalb von 2-5 Werktagen,2023-05-02 22:52:05.886432,"Röstkaffee, ganze Bohnen.","Hinweis zur Aufbewahrung: Geöffnete Packung gut verschlossen, kühl und trocken aufbewahren.","Verantwortliches Lebensmittelunternehmen:
JACOBS DOUWE EGBERTS, Oosterdoksstraat 80, NL-1011 DK Amsterdam Langemarckstraße 4-20, D-28199 Bremen",,,,,,,,,,https://www.edeka24.de/Lebensmittel/Kaffee-Tee/Kaffee-ganze-Bohnen/Jacobs-Barista-Editions-Espresso-Bohne-1KG.html,https://www.edeka24.de/out/pictures/generated/product/1/540_540_90/jacobs_barista_editions_espresso_ganze_bohne.jpg
48,Lebensmittel,Kaffee & Tee,Kaffee ganze Bohnen,Cellini Espresso Prestigio 100% Arabica Bohnen 1kg,"20,99 €","20,99 €/kg","inkl. MwSt., zzgl. 4.95 € Versandkosten.",lieferbar innerhalb von 2-5 Werktagen,2023-05-02 22:52:09.342676,"Original italienscher Espresso-Kaffee in Bohnen, vakuumverpackt",,"Verantwortliches Lebensmittelunternehmen:
CELLINI Deutschland GmbH, Friedrich-Legahn-Strasse 22, D-22587 Hamburg",,,,,,,,,,https://www.edeka24.de/Lebensmittel/Kaffee-Tee/Kaffee-ganze-Bohnen/Cellini-Espresso-Prestigio-100-Arabica-Bohnen-1kg.html,https://www.edeka24.de/out/pictures/generated/product/1/540_540_90/celliniprestigio.jpg
49,Lebensmittel,Kaffee & Tee,Kaffee ganze Bohnen,Lavazza Espresso Barista Gran Crema ganze Bohne 1KG,"18,99 €","18,99 €/kg","inkl. MwSt., zzgl. 4.95 € Versandkosten.",lieferbar innerhalb von 2-5 Werktagen,2023-05-02 22:52:11.215125,Geröstete Kaffeebohnen.,,"Verantwortliches Lebensmittelunternehmen:
Luigi Lavazza S.p.A, IT-10152 Torino",,,,,,,,,,https://www.edeka24.de/Lebensmittel/Kaffee-Tee/Kaffee-ganze-Bohnen/Lavazza-Espresso-Barista-Gran-Crema-ganze-Bohne-1KG.html,https://www.edeka24.de/out/pictures/generated/product/1/540_540_90/lavazza_espresso_perfetto_ganze_bohne_1kg.jpg
50,Lebensmittel,Kaffee & Tee,Kaffee ganze Bohnen,Dallmayr Espresso d'Oro ganze Bohnen 1 kg,"17,99 €","17,99 €/kg","inkl. MwSt., zzgl. 4.95 € Versandkosten.",lieferbar innerhalb von 2-5 Werktagen,2023-05-02 22:52:13.395354,Röstkaffee ganze Bohnen,,"Verantwortliches Lebensmittelunternehmen:
Alois Dallmayr Kaffee OHG, Dienerstr. 14-15, D-80331 München",,,,,,,,,,https://www.edeka24.de/Lebensmittel/Kaffee-Tee/Kaffee-ganze-Bohnen/Dallmayr-Espresso-d-Oro-ganze-Bohnen-1-kg.html,https://www.edeka24.de/out/pictures/generated/product/1/540_540_90/dallmayr_espresso_d039oro_ganze_bohnen.jpg
51,Lebensmittel,Kaffee & Tee,Kaffee ganze Bohnen,Gepa Bio Cafe Crema 1KG,"25,99 €","25,99 €/kg","inkl. MwSt., zzgl. 4.95 € Versandkosten.",lieferbar innerhalb von 2-5 Werktagen,2023-05-02 22:52:14.917219,-,,"Verantwortliches Lebensmittelunternehmen:
GEPA - The Fair Trade Company, GEPA-Weg 1, D-42327 Wuppertal",,,,,,,,,,https://www.edeka24.de/Lebensmittel/Kaffee-Tee/Kaffee-ganze-Bohnen/Gepa-Bio-Cafe-Crema-1KG.html,https://www.edeka24.de/out/pictures/generated/product/1/540_540_90/gepabiocaffecrema.jpg
52,Lebensmittel,Kaffee & Tee,Kaffee ganze Bohnen,Segafredo Zanetti Selezione Crema Kaffee ganze Bohnen 1 kg,"20,99 €","20,99 €/kg","inkl. MwSt., zzgl. 4.95 € Versandkosten.",lieferbar innerhalb von 2-5 Werktagen,2023-05-02 22:52:16.490073,ungemahlener Röstkaffee,,"Verantwortliches Lebensmittelunternehmen:
Segafredo Zanetti Deutschland GmbH, D-80686 München",Zutatenverzeichnis: Röstkaffeebohnen,,,,,,,,,https://www.edeka24.de/Lebensmittel/Kaffee-Tee/Kaffee-ganze-Bohnen/Segafredo-Zanetti-Selezione-Crema-Kaffee-ganze-Bohnen-1-kg.html,https://www.edeka24.de/out/pictures/generated/product/1/540_540_90/segafredo_zanetti_selezione_crema_kaffee_ganze_bohnen.jpg
53,Lebensmittel,Kaffee & Tee,Kaffee ganze Bohnen,Lavazza Barista Caffe Crema Delicato ganze Bohnen 1KG,"18,99 €","18,99 €/kg","inkl. MwSt., zzgl. 4.95 € Versandkosten.",lieferbar innerhalb von 2-5 Werktagen,2023-05-02 22:52:18.213192,Geröstete Kaffeebohnen.,Hinweis zur Aufbewahrung: Nach dem Öffnen kühl und trocken lagern.,"Verantwortliches Lebensmittelunternehmen:
Luigi lavazza S.p.A., Via Bologna 32, 10152 Torino (Italien)",,,,,,,,,,https://www.edeka24.de/Lebensmittel/Kaffee-Tee/Kaffee-ganze-Bohnen/Lavazza-Barista-Caffe-Crema-Delicato-ganze-Bohnen-1KG.html,https://www.edeka24.de/out/pictures/generated/product/1/540_540_90/lavazzabaristadelicato.jpg
54,Lebensmittel,Kaffee & Tee,Kaffee ganze Bohnen,Jacobs Barista Edition Crema Tropical Fusion ganze Bohne 1KG,"16,99 €","16,99 €/kg","inkl. MwSt., zzgl. 4.95 € Versandkosten.",lieferbar innerhalb von 2-5 Werktagen,2023-05-02 22:52:20.082236,"Röstkaffee, ganze Bohnen","Hinweis zur Aufbewahrung: Geöffnete Packung gut verschlossen,kühl und trocken aufbewahren.","Verantwortliches Lebensmittelunternehmen:
Jacobs Douwe Egberts, Oosterdoksstraat 80, 1011 DK Amsterdam",,,,,,,,,,https://www.edeka24.de/Lebensmittel/Kaffee-Tee/Kaffee-ganze-Bohnen/Jacobs-Barista-Edition-Crema-Tropical-Fusion-ganze-Bohne-1KG.html,https://www.edeka24.de/out/pictures/generated/product/1/540_540_90/jacobstropicalfusion.jpg
55,Lebensmittel,Kaffee & Tee,Kaffee ganze Bohnen,Cellini Classico Espresso Bohnen 1KG,"18,99 €","18,99 €/kg","inkl. MwSt., zzgl. 4.95 € Versandkosten.",lieferbar innerhalb von 2-5 Werktagen,2023-05-02 22:52:21.803507,"Original italienscher Espresso-Kaffee in Bohnen, vakuumverpackt",,"Verantwortliches Lebensmittelunternehmen:
CELLINI Deutschland GmbH, Friedrich-Legahn-Strasse 22, D-22587 Hamburg",,,,,,,,,,https://www.edeka24.de/Lebensmittel/Kaffee-Tee/Kaffee-ganze-Bohnen/Cellini-Classico-Espresso-Bohnen-1KG.html,https://www.edeka24.de/out/pictures/generated/product/1/540_540_90/celliniclassico.jpg
56,Lebensmittel,Kaffee & Tee,Kaffee ganze Bohnen,Sansibar Caffè Crema ganze Bohnen 1 kg,"19,99 €","19,99 €/kg","inkl. MwSt., zzgl. 4.95 € Versandkosten.",lieferbar innerhalb von 2-5 Werktagen,2023-05-02 22:52:23.625028,Röstkaffee in ganzen Bohnen,,"Verantwortliches Lebensmittelunternehmen:
J. J. Darboven GmbH & Co. KG, Pinkertweg 13, D-22113 Hamburg",,194,811,"13,4",5,"1,5","1,5",14,"0,03",https://www.edeka24.de/Lebensmittel/Kaffee-Tee/Kaffee-ganze-Bohnen/Sansibar-Caff-Crema-ganze-Bohnen-1-kg.html,https://www.edeka24.de/out/pictures/generated/product/1/540_540_90/sansibarcc.jpg
57,Lebensmittel,Kaffee & Tee,Kaffee ganze Bohnen,Segafredo Zanetti Intermezzo Bohnen 1KG,"17,99 €","17,99 €/kg","inkl. MwSt., zzgl. 4.95 € Versandkosten.",lieferbar innerhalb von 2-5 Werktagen,2023-05-02 22:52:25.871664,Röstkaffee ganze Bohnen.,,"Verantwortliches Lebensmittelunternehmen:
Segafredo Deutschland GmbH, Fürstenrieder Straße 61, D-80686 München",,,,,,,,,,https://www.edeka24.de/Lebensmittel/Kaffee-Tee/Kaffee-ganze-Bohnen/Segafredo-Zanetti-Intermezzo-Bohnen-1KG.html,https://www.edeka24.de/out/pictures/generated/product/1/540_540_90/segafredo-intermezzo.jpg
58,Lebensmittel,Kaffee & Tee,Kaffee ganze Bohnen,Eilles Caffè Crema ganze Bohne 1kg,"17,99 €","17,99 €/kg","inkl. MwSt., zzgl. 4.95 € Versandkosten.",lieferbar innerhalb von 2-5 Werktagen,2023-05-02 22:52:28.159263,Röstkaffee in ganzen Bohnen,,"Verantwortliches Lebensmittelunternehmen:
J. J. Darboven GmbH & Co. KG, 22113 Hamburg",,194,811,"13,4",5,"1,5","1,5",14,"0,03",https://www.edeka24.de/Lebensmittel/Kaffee-Tee/Kaffee-ganze-Bohnen/Eilles-Caff-Crema-ganze-Bohne-1kg.html,https://www.edeka24.de/out/pictures/generated/product/1/540_540_90/eillescc.jpg
59,Lebensmittel,Kaffee & Tee,Kaffee ganze Bohnen,Schweitzers Schüümli Espresso 100% Arabica Bohnen 1KG,"16,99 €","16,99 €/kg","inkl. MwSt., zzgl. 4.95 € Versandkosten.",lieferbar innerhalb von 2-5 Werktagen,2023-05-02 22:52:30.636673,-,,"Verantwortliches Lebensmittelunternehmen:
Delica AG, Hafenstrasse 120, CH-4127 Birsfelden",,,,,,,,,,https://www.edeka24.de/Lebensmittel/Kaffee-Tee/Kaffee-ganze-Bohnen/Schweitzers-Schueuemli-Espresso-100-Arabica-Bohnen-1KG.html,https://www.edeka24.de/out/pictures/generated/product/1/540_540_90/schweitzschmliespressarabicabohne.jpg
62,Lebensmittel,Kaffee & Tee,Kaffee ganze Bohnen,Lavazza Caffe Crema Gustoso Bohnen 1KG,"15,99 €","15,99 €/kg","inkl. MwSt., zzgl. 4.95 € Versandkosten.",lieferbar innerhalb von 2-5 Werktagen,2023-05-02 22:52:35.594166,Kaffeebohnen,,"Verantwortliches Lebensmittelunternehmen:
LUIGI LAVAZZA S.p.A., C. SO NOVARA, 59- 10154 TORINO - ITALIA",,,,,,,,,,https://www.edeka24.de/Lebensmittel/Kaffee-Tee/Kaffee-ganze-Bohnen/Lavazza-Caffe-Crema-Gustoso-Bohnen-1KG.html,https://www.edeka24.de/out/pictures/generated/product/1/540_540_90/caffecrema_gustoso_1000g_front_ean_8000070027701.jpg
63,Lebensmittel,Kaffee & Tee,Kaffee ganze Bohnen,Segafredo Zanetti Selezione Espresso Forte E Intenso Bohnen 1KG,"20,99 €","20,99 €/kg","inkl. MwSt., zzgl. 4.95 € Versandkosten.",lieferbar innerhalb von 2-5 Werktagen,2023-05-02 22:52:40.293907,Ungemahlener Röstkaffee,Hinweis zur Aufbewahrung: Vor Wärme geschützt und trocken lagern.,"Verantwortliches Lebensmittelunternehmen:
Segafredo Zanetti Deutschland GmbH, Zielstattstr. 42, 81379 München",,,,,,,,,,https://www.edeka24.de/Lebensmittel/Kaffee-Tee/Kaffee-ganze-Bohnen/Segafredo-Zanetti-Selezione-Espresso-Forte-E-Intenso-Bohnen-1KG.html,https://www.edeka24.de/out/pictures/generated/product/1/540_540_90/segafredo_zanetti_selezione_oro_kaffee_ganze_bohnen_1_kg.jpg
64,Lebensmittel,Kaffee & Tee,Kaffee ganze Bohnen,Dallmayr Home Barista Caffee Crema Dolce ganze Bohne 1KG,"15,99 €","15,99 €/kg","inkl. MwSt., zzgl. 4.95 € Versandkosten.",lieferbar innerhalb von 2-5 Werktagen,2023-05-02 22:52:43.092103,-,,"Verantwortliches Lebensmittelunternehmen:
Alois Dallmayer, Dienerstrasse 14-15, 80331 München",,,,,,,,,,https://www.edeka24.de/Lebensmittel/Kaffee-Tee/Kaffee-ganze-Bohnen/Dallmayr-Home-Barista-Caffee-Crema-Dolce-ganze-Bohne-1KG.html,https://www.edeka24.de/out/pictures/generated/product/1/540_540_90/dallmayr_home_barista_caffee_crema_dolce_rainforest_alliance_identity_preserved_ganze_bohne_1kg.jpg
65,Lebensmittel,Kaffee & Tee,Kaffee ganze Bohnen,Cellini Espresso Crema Speciale Ganze Bohnen 1kg,"18,99 €","18,99 €/kg","inkl. MwSt., zzgl. 4.95 € Versandkosten.",lieferbar innerhalb von 2-5 Werktagen,2023-05-02 22:52:45.132803,Original italienscher Espresso-Kaffee in Bohnen,Hinweis zur Aufbewahrung: Vor direkter Sonneneinstrahlung und Wärme schützen. Nach dem Öffnen möglichst innerhalb von 2-4 Wochen verbrauchen.,"Verantwortliches Lebensmittelunternehmen:
CELLINI Deutschland GmbH, Friedrich-Legahn-Strasse 22, D-22587 Hamburg",,,,,,,,,,https://www.edeka24.de/Lebensmittel/Kaffee-Tee/Kaffee-ganze-Bohnen/Cellini-Espresso-Crema-Speciale-Ganze-Bohnen-1kg.html,https://www.edeka24.de/out/pictures/generated/product/1/540_540_90/cellinicremaspeciale.jpg
66,Lebensmittel,Kaffee & Tee,Kaffee ganze Bohnen,Melitta BellaCrema Espresso ganze Bohnen 1kg,"11,99 €","11,99 €/kg","inkl. MwSt., zzgl. 4.95 € Versandkosten.",lieferbar innerhalb von 2-5 Werktagen,2023-05-02 22:52:47.013912,Röstkaffee in ganzen Bohnen,,"Verantwortliches Lebensmittelunternehmen:
Melitta Europa GmbH & Co.KG Geschäftsbereich Kaffee, Dortmunder Str. 1, 28199 Bremen",,,,,,,,,,https://www.edeka24.de/Lebensmittel/Kaffee-Tee/Kaffee-ganze-Bohnen/Melitta-BellaCrema-Espresso-ganze-Bohnen-1kg.html,https://www.edeka24.de/out/pictures/generated/product/1/540_540_90/melitta_bellacrema_espresso_ganze_bohnen_1kg(1).jpg
68,Lebensmittel,Kaffee & Tee,Kaffee gemahlen / Instant,Schweitzers Schüümli naturmild gemahlen 500G,"7,69 €","15,38 €/kg","inkl. MwSt., zzgl. 4.95 € Versandkosten.",lieferbar innerhalb von 2-5 Werktagen,2023-05-02 22:52:51.928925,Röstkaffee gemahlen,"Hinweis zur Aufbewahrung: Kühl, trocken und vor Licht geschützt lagern. Packung nach dem Öffnen wieder gut verschliessen. Zum raschen Verbrauch bestimmt.","Verantwortliches Lebensmittelunternehmen:
Swiss Industries GmbH, D-79576 Weil am Rhein.",Zutatenverzeichnis: Röstkaffee,,,,,,,,,https://www.edeka24.de/Lebensmittel/Kaffee-Tee/Kaffee-gemahlen-Instant/Schweitzers-Schueuemli-naturmild-gemahlen-500G.html,https://www.edeka24.de/out/pictures/generated/product/1/540_540_90/schweitzschmlinaturmildgem..jpg
69,Lebensmittel,Kaffee & Tee,Kaffee gemahlen / Instant,Nescafé Classic 200G,"8,49 €","42,45 €/kg","inkl. MwSt., zzgl. 4.95 € Versandkosten.",lieferbar innerhalb von 2-5 Werktagen,2023-05-02 22:52:54.056732,Löslicher Bohnenkaffee,Hinweis zur Aufbewahrung: Trocken lagern. Vor Wärme schützen.,"Verantwortliches Lebensmittelunternehmen:
Nestlé Deutschland AG, 60523 Frankfurt am Main",Zutatenverzeichnis: löslicher Bohnenkaffee,,,,,,,,,https://www.edeka24.de/Lebensmittel/Kaffee-Tee/Kaffee-gemahlen-Instant/Nescaf-Classic-200G.html,https://www.edeka24.de/out/pictures/generated/product/1/540_540_90/nescaf_classic_200_g.jpg
70,Lebensmittel,Kaffee & Tee,Kaffee gemahlen / Instant,Mövenpick Der Himmlische Kaffee gemahlen 500G,"8,99 €","17,98 €/kg","inkl. MwSt., zzgl. 4.95 € Versandkosten.",lieferbar innerhalb von 2-5 Werktagen,2023-05-02 22:52:55.839234,Röstkaffee gemahlen,,"Verantwortliches Lebensmittelunternehmen:
J. J. Darboven GmbH & Co. KG, Pinkertweg 13, D-22113 Hamburg",Zutatenverzeichnis: Kaffeebohnen,811,194,"13,4",5,"1,5","1,5",14,"0,03",https://www.edeka24.de/Lebensmittel/Kaffee-Tee/Kaffee-gemahlen-Instant/Moevenpick-Der-Himmlische-Kaffee-gemahlen-500G.html,https://www.edeka24.de/out/pictures/generated/product/1/540_540_90/mvenpick_der_himmlische_kaffee_gemahlen_500g.jpg
71,Lebensmittel,Kaffee & Tee,Kaffee gemahlen / Instant,Dallmayr Kaffee Prodomo gemahlen 500G,"8,49 €","16,98 €/kg","inkl. MwSt., zzgl. 4.95 € Versandkosten.",lieferbar innerhalb von 2-5 Werktagen,2023-05-02 22:52:58.155440,Kaffee geröstet,Hinweis zur Aufbewahrung: kühl und trocken lagern,"Verantwortliches Lebensmittelunternehmen:
Alois Dallmayr Kaffee OHG, Dienerstr. 14-15, D-80331 München",Zutatenverzeichnis: Röstkaffee,749,180,13,"5,9",24,"1,5",9,"0,03",https://www.edeka24.de/Lebensmittel/Kaffee-Tee/Kaffee-gemahlen-Instant/Dallmayr-Kaffee-Prodomo-gemahlen-500G.html,https://www.edeka24.de/out/pictures/generated/product/1/540_540_90/dallmayr_kaffee_prodomo_gemahlen.jpg
72,Lebensmittel,Kaffee & Tee,Kaffee gemahlen / Instant,Melitta Kaffee Auslese klassisch gemahlen 500G,"6,49 €","12,98 €/kg","inkl. MwSt., zzgl. 4.95 € Versandkosten.",lieferbar innerhalb von 2-5 Werktagen,2023-05-02 22:53:00.350103,Röstkaffee gemahlen.,,"Verantwortliches Lebensmittelunternehmen:
Melitta Europa GmbH & Co. KG, Dortmunderstraße 1, 28199 Bremen",,,,,,,,,,https://www.edeka24.de/Lebensmittel/Kaffee-Tee/Kaffee-gemahlen-Instant/Melitta-Kaffee-Auslese-klassisch-gemahlen-500G.html,https://www.edeka24.de/out/pictures/generated/product/1/540_540_90/4002720002261_fika_auslese_klassisch_500g.jpg
74,Lebensmittel,Kaffee & Tee,Kaffee gemahlen / Instant,Dallmayr Kaffee Classic gemahlen 500G,"7,99 €","15,98 €/kg","inkl. MwSt., zzgl. 4.95 € Versandkosten.",lieferbar innerhalb von 2-5 Werktagen,2023-05-02 22:53:03.896869,Kaffee geröstet,,"Verantwortliches Lebensmittelunternehmen:
Alois Dallmayr Kaffee OHG, Dienerstr. 14-15, D-80331 München",Zutatenverzeichnis: Kaffeebohnen keine deklarationspflichtigen Allergene enthalten,180,749,13,"5,9",24,"1,5",9,"0,03",https://www.edeka24.de/Lebensmittel/Kaffee-Tee/Kaffee-gemahlen-Instant/Dallmayr-Kaffee-Classic-gemahlen-500G.html,https://www.edeka24.de/out/pictures/generated/product/1/540_540_90/dallmayr_kaffee_classic_gemahlen.jpg
75,Lebensmittel,Kaffee & Tee,Kaffee gemahlen / Instant,Nescafé Classic Crema 200G,"8,49 €","42,45 €/kg","inkl. MwSt., zzgl. 4.95 € Versandkosten.",lieferbar innerhalb von 2-5 Werktagen,2023-05-02 22:53:05.857269,100% Löslicher Bohnenkaffee,Hinweis zur Aufbewahrung: Trocken lagern. Vor Wärme schützen.,"Verantwortliches Lebensmittelunternehmen:
Nestlé Deutschland AG, 60523 Frankfurt am Main",,,,,,,,,,https://www.edeka24.de/Lebensmittel/Kaffee-Tee/Kaffee-gemahlen-Instant/Nescaf-Classic-Crema-200G.html,https://www.edeka24.de/out/pictures/generated/product/1/540_540_90/nescafecrema.jpg
76,Lebensmittel,Kaffee & Tee,Kaffee gemahlen / Instant,Jacobs Krönung Kaffee gemahlen 500G,"7,99 €","15,98 €/kg","inkl. MwSt., zzgl. 4.95 € Versandkosten.",lieferbar innerhalb von 2-5 Werktagen,2023-05-02 22:53:07.994822,Röstkaffee gemahlen,,"Verantwortliches Lebensmittelunternehmen:
Jacobs Douwe Egberts DE GmbH, Langemarckstraße 4 - 20, D-28199 Bremen",,,,,,,,,,https://www.edeka24.de/Lebensmittel/Kaffee-Tee/Kaffee-gemahlen-Instant/Jacobs-Kroenung-Kaffee-gemahlen-500G.html,https://www.edeka24.de/out/pictures/generated/product/1/540_540_90/krnunggemahlen.png
77,Lebensmittel,Kaffee & Tee,Kaffee gemahlen / Instant,Linde's Kornkaffee mit Zichorie 500G,"3,19 €","6,38 €/kg","inkl. MwSt., zzgl. 4.95 € Versandkosten.",lieferbar innerhalb von 2-5 Werktagen,2023-05-02 22:53:09.615507,-,Hinweis zur Aufbewahrung: Trocken lagern. Vor Wärme schützen.,"Verantwortliches Lebensmittelunternehmen:
Nestlé Deutschland AG, 60523 Frankfurt a. Main","Zutatenverzeichnis: GERSTENMALZ, GERSTE, ROGGEN, Zichorie (17,5%).",1410,335,2,"0,6",58,"2,7","9,7","0,05",https://www.edeka24.de/Lebensmittel/Kaffee-Tee/Kaffee-gemahlen-Instant/Linde-s-Kornkaffee-mit-Zichorie-500G.html,https://www.edeka24.de/out/pictures/generated/product/1/540_540_90/linde039s_kornkaffee_mit_zichorie_500_g.jpg
78,Lebensmittel,Kaffee & Tee,Kaffee gemahlen / Instant,Grana Feiner Landkaffee 200G,"2,69 €","13,45 €/kg","inkl. MwSt., zzgl. 4.95 € Versandkosten.",lieferbar innerhalb von 2-5 Werktagen,2023-05-02 22:53:11.560760,Löslicher Kaffeesurrogat-Extrakt,Hinweis zur Aufbewahrung: Kühl und trocken lagern. Nach dem Öffnen der Qualität wegen innerhalb 4 Wochen aufbrauchen.,"Verantwortliches Lebensmittelunternehmen:
Deutsche Extrakt Kaffee GmbH Hamburg Cafeastraße 1 21107 Hamburg","Zutatenverzeichnis: GERSTE(46,5%), ROGGEN(28,5%), Zichorie",7,29,"<0,5","<0,1","1,4","<0,5","<0,5","<0,01",https://www.edeka24.de/Lebensmittel/Kaffee-Tee/Kaffee-gemahlen-Instant/Grana-Feiner-Landkaffee-200G.html,https://www.edeka24.de/out/pictures/generated/product/1/540_540_90/grana_grana_landkaffee_200g.jpg
79,Lebensmittel,Kaffee & Tee,Kaffee gemahlen / Instant,Maxwell House Klassisch 200G,"7,49 €","37,45 €/kg","inkl. MwSt., zzgl. 4.95 € Versandkosten.",lieferbar innerhalb von 2-5 Werktagen,2023-05-02 22:53:13.686058,Löslicher Bohnenkaffee.,Hinweis zur Aufbewahrung: Trocken lagern und vor Wärme schützen.,"Verantwortliches Lebensmittelunternehmen:
JACOBS DOUWE EGBERTS, Oosterdoksstraat 80, NL-1011 DK Amsterdam Langemarckstraße 4-20, D-28199 Bremen",,,,,,,,,,https://www.edeka24.de/Lebensmittel/Kaffee-Tee/Kaffee-gemahlen-Instant/Maxwell-House-Klassisch-200G.html,https://www.edeka24.de/out/pictures/generated/product/1/540_540_90/maxwell_house_lamp246slicher_kaffee_klassisch_200g.jpg
80,Lebensmittel,Kaffee & Tee,Kaffee gemahlen / Instant,Jacobs Classic 3in1 Sticks 10x 18G,"2,79 €","15,50 €/kg","inkl. MwSt., zzgl. 4.95 € Versandkosten.",lieferbar innerhalb von 2-5 Werktagen,2023-05-02 22:53:17.710217,"Getränkepulver mit löslichem Bohnenkaffee, Kaffeeweißer und Zucker.",Hinweis zur Aufbewahrung: Trocken lagern und vor Wärme schützen.,"Verantwortliches Lebensmittelunternehmen:
JACOBS DOUWE EGBERTS, Oosterdoksstraat 80, NL-1011 DK Amsterdam","Zutatenverzeichnis: Zucker (54%), Glukosesirup, Kokosfett (ganz gehärtet), löslicher Bohnenkaffee (8%), Stabilisatoren (E340, E452), MILCHEIWEISS, Emulgatoren (E471, E481), Trennmittel (E551).",1815,430,"10,0","10,0","81,0","59,0","1,8","0,15",https://www.edeka24.de/Lebensmittel/Kaffee-Tee/Kaffee-gemahlen-Instant/Jacobs-Classic-3in1-Sticks-10x-18G.html,https://www.edeka24.de/out/pictures/generated/product/1/540_540_90/jacobsclass3in1.jpg
81,Lebensmittel,Kaffee & Tee,Kaffee gemahlen / Instant,Schweitzers Schüümli Dunkle Röstung gemahlen 500G,"7,69 €","15,38 €/kg","inkl. MwSt., zzgl. 4.95 € Versandkosten.",lieferbar innerhalb von 2-5 Werktagen,2023-05-02 22:53:19.341540,Rösstkaffe gemahlen,"Hinweis zur Aufbewahrung: Kühl, trocken und vor Licht geschützt lagern. Packung nach dme Öffnen wieder gut verschliessen. Zum raschen Verbrauch bestimmt.","Verantwortliches Lebensmittelunternehmen:
Swiss Industries GmbH, D-79576 Weil am Rhein.",Zutatenverzeichnis: Röstkaffee,,,,,,,,,https://www.edeka24.de/Lebensmittel/Kaffee-Tee/Kaffee-gemahlen-Instant/Schweitzers-Schueuemli-Dunkle-Roestung-gemahlen-500G.html,https://www.edeka24.de/out/pictures/generated/product/1/540_540_90/schweitzschmlidunklerstgem..jpg
82,Lebensmittel,Kaffee & Tee,Kaffee gemahlen / Instant,Melitta Kaffee Auslese klassich-mild gemahlen 500G,"6,49 €","12,98 €/kg","inkl. MwSt., zzgl. 4.95 € Versandkosten.",lieferbar innerhalb von 2-5 Werktagen,2023-05-02 22:53:20.910839,Röstkaffee gemahlen.,,"Verantwortliches Lebensmittelunternehmen:
Melitta Europa GmbH & Co. KG, Dortmunderstraße 1, 28199 Bremen",,,,,,,,,,https://www.edeka24.de/Lebensmittel/Kaffee-Tee/Kaffee-gemahlen-Instant/Melitta-Kaffee-Auslese-klassich-mild-gemahlen-500G.html,https://www.edeka24.de/out/pictures/generated/product/1/540_540_90/4002720002117_fika_auslese_klassisch_mild_500g.jpg
83,Lebensmittel,Kaffee & Tee,Kaffee gemahlen / Instant,Jacobs Classic 2in1 Sticks 10x 14G,"2,79 €","19,93 €/kg","inkl. MwSt., zzgl. 4.95 € Versandkosten.",lieferbar innerhalb von 2-5 Werktagen,2023-05-02 22:53:22.400595,Getränkepulver mit löslichem Bohnenkaffee und Kaffeeweißer.,Hinweis zur Aufbewahrung: Trocken lagern und vor Wärme schützen.,"Verantwortliches Lebensmittelunternehmen:
JACOBS DOUWE EGBERTS, Oosterdoksstraat 80, NL-1011 DK Amsterdam","Zutatenverzeichnis: Glukosesirup, MAGERMILCHPULVER, löslicher Bohnenkaffee (9,9%), Kokosfett (ganz gehärtet), Stabilisatoren (E340, E452), MILCHEIWEISS, Emulgatoren (E471, E481), Trennmittel (E551).",1715,405,9,"8,8",72,33,"7,1","0,35",https://www.edeka24.de/Lebensmittel/Kaffee-Tee/Kaffee-gemahlen-Instant/Jacobs-Classic-2in1-Sticks-10x-14G.html,https://www.edeka24.de/out/pictures/generated/product/1/540_540_90/jacobsclassic2in1.jpg
84,Lebensmittel,Kaffee & Tee,Kaffee gemahlen / Instant,Dallmayr Classic kräftig 500G,"7,99 €","15,98 €/kg","inkl. MwSt., zzgl. 4.95 € Versandkosten.",lieferbar innerhalb von 2-5 Werktagen,2023-05-02 22:53:24.108916,-,,"Verantwortliches Lebensmittelunternehmen:
Alois Dallmayr, D-80331 München",,,,,,,,,,https://www.edeka24.de/Lebensmittel/Kaffee-Tee/Kaffee-gemahlen-Instant/Dallmayr-Classic-kraeftig-500G.html,https://www.edeka24.de/out/pictures/generated/product/1/540_540_90/dallmayr_classic_kramp228ftig_500g.jpg
85,Lebensmittel,Kaffee & Tee,Kaffee gemahlen / Instant,Nescafe Gold Espresso 100G,"7,99 €","79,90 €/kg","inkl. MwSt., zzgl. 4.95 € Versandkosten.",lieferbar innerhalb von 2-5 Werktagen,2023-05-02 22:53:25.392957,Löslicher Bohnenkaffee,Hinweis zur Aufbewahrung: Trocken lagern. Vor Wärme schützen.,"Verantwortliches Lebensmittelunternehmen:
Nestlé Deutschland AG, 60523 Frankfurt/Main",,,,,,,,,,https://www.edeka24.de/Lebensmittel/Kaffee-Tee/Kaffee-gemahlen-Instant/Nescafe-Gold-Espresso-100G.html,https://www.edeka24.de/out/pictures/generated/product/1/540_540_90/nescafegoldespresso.jpg
86,Lebensmittel,Kaffee & Tee,Kaffee gemahlen / Instant,Caro Original Der Landkaffee 200G,"3,99 €","19,95 €/kg","inkl. MwSt., zzgl. 4.95 € Versandkosten.",lieferbar innerhalb von 2-5 Werktagen,2023-05-02 22:53:26.592339,Löslicher Landkaffee für ca. 90 Tassen,Hinweis zur Aufbewahrung: Dose stets verschließen und trocken aufbewahren. Trocken lagern. Vor Wärme schützen.,"Verantwortliches Lebensmittelunternehmen:
Nestlé Deutschland AG, Lyoner Str. 23, D-60528 Frankfurt","Zutatenverzeichnis: GERSTE, GERSTENMALZ, Zichorie, ROGGEN.",371,1572,"<0,5","0,2",83,"3,2","5,1","0,23",https://www.edeka24.de/Lebensmittel/Kaffee-Tee/Kaffee-gemahlen-Instant/Caro-Original-Der-Landkaffee-200G.html,https://www.edeka24.de/out/pictures/generated/product/1/540_540_90/carolandkaffee.jpg
88,Lebensmittel,Kaffee & Tee,Kaffee gemahlen / Instant,Melitta Kaffee Harmonie entkoffeiniert gemahlen 500G,"6,49 €","12,98 €/kg","inkl. MwSt., zzgl. 4.95 € Versandkosten.",lieferbar innerhalb von 2-5 Werktagen,2023-05-02 22:53:29.603943,Röstkaffee gemahlen.,,"Verantwortliches Lebensmittelunternehmen:
Melitta Europa GmbH & Co. KG, Dortmunderstraße 1, 28199 Bremen",,,,,,,,,,https://www.edeka24.de/Lebensmittel/Kaffee-Tee/Kaffee-gemahlen-Instant/Melitta-Kaffee-Harmonie-entkoffeiniert-gemahlen-500G.html,https://www.edeka24.de/out/pictures/generated/product/1/540_540_90/4002720000496_fika_harmonie_entkoffeiniert_500g.jpg
89,Lebensmittel,Kaffee & Tee,Kaffee gemahlen / Instant,Jacobs Gold Instantkaffee 200G,"9,99 €","49,95 €/kg","inkl. MwSt., zzgl. 4.95 € Versandkosten.",lieferbar innerhalb von 2-5 Werktagen,2023-05-02 22:53:31.477854,"Löslicher Bohnenkaffee, gefriergetrocknet.",Hinweis zur Aufbewahrung: Trocken lagern und vor Wärme schützen.,"Verantwortliches Lebensmittelunternehmen:
JACOBS DOUWE EGBERTS, Oosterdoksstraat 80, NL-1011 DK Amsterdam Langemarckstraße 4-20, D-28199 Bremen",,,,,,,,,,https://www.edeka24.de/Lebensmittel/Kaffee-Tee/Kaffee-gemahlen-Instant/Jacobs-Gold-Instantkaffee-200G.html,https://www.edeka24.de/out/pictures/generated/product/1/540_540_90/jacobsgold.jpg
90,Lebensmittel,Kaffee & Tee,Kaffee gemahlen / Instant,Jacobs Typ Café Crema Sticks 25ST 45G,"2,19 €","48,67 €/kg","inkl. MwSt., zzgl. 4.95 € Versandkosten.",lieferbar innerhalb von 2-5 Werktagen,2023-05-02 22:53:33.920314,25 Einzelportionen löslicher Bohnenkaffee im praktischen Stickformat.,Hinweis zur Aufbewahrung: Trocken lagern und vor Wärme schützen.,"Verantwortliches Lebensmittelunternehmen:
JACOBS DOUWE EGBERTS, Oosterdoksstraat 80, NL-1011 DK Amsterdam Langemarckstraße 4-20, D-28199 Bremen",,,,,,,,,,https://www.edeka24.de/Lebensmittel/Kaffee-Tee/Kaffee-gemahlen-Instant/Jacobs-Typ-Caf-Crema-Sticks-25ST-45G.html,https://www.edeka24.de/out/pictures/generated/product/1/540_540_90/8711000396780.jpg
91,Lebensmittel,Kaffee & Tee,Kaffee gemahlen / Instant,Jacobs Krönung Kaffee Balance gemahlen 500G,"7,99 €","15,98 €/kg","inkl. MwSt., zzgl. 4.95 € Versandkosten.",lieferbar innerhalb von 2-5 Werktagen,2023-05-02 22:53:40.577766,Röstkaffee gemahlen,,"Verantwortliches Lebensmittelunternehmen:
Jacobs Douwe Egberts DE GmbH, Langemarckstraße 4 - 20, D-28199 Bremen",,,,,,,,,,https://www.edeka24.de/Lebensmittel/Kaffee-Tee/Kaffee-gemahlen-Instant/Jacobs-Kroenung-Kaffee-Balance-gemahlen-500G.html,https://www.edeka24.de/out/pictures/generated/product/1/540_540_90/jacobsbalance.png
92,Lebensmittel,Kaffee & Tee,Kaffee gemahlen / Instant,"Jacobs Typ Espresso Sticks 25x 1,8G","2,99 €","66,44 €/kg","inkl. MwSt., zzgl. 4.95 € Versandkosten.",lieferbar innerhalb von 2-5 Werktagen,2023-05-02 22:53:45.329746,Löslicher Bohnenkaffee.,Hinweis zur Aufbewahrung: Kühl und trocken lagern.,"Verantwortliches Lebensmittelunternehmen:
Jacobs Douwe Egberts DE GmbH, Langemarckstraße 4 - 20, D-28199 Bremen",,,,,,,,,,https://www.edeka24.de/Lebensmittel/Kaffee-Tee/Kaffee-gemahlen-Instant/Jacobs-Typ-Espresso-Sticks-25x-1-8G.html,https://www.edeka24.de/out/pictures/generated/product/1/540_540_90/espressosticks.jpg
94,Lebensmittel,Kaffee & Tee,Kaffee gemahlen / Instant,"Jacobs Krönung Löslicher Kaffee Sticks 20x 1,8G","2,99 €","83,06 €/kg","inkl. MwSt., zzgl. 4.95 € Versandkosten.",lieferbar innerhalb von 2-5 Werktagen,2023-05-02 22:53:53.173527,"Löslicher Bohnenkaffee, gefriergetrocknet.",Hinweis zur Aufbewahrung: Trocken lagern und vor Wärme schützen.,"Verantwortliches Lebensmittelunternehmen:
JACOBS DOUWE EGBERTS, Langemarckstraße 4-20, D-28199 Bremen",,,,,,,,,,https://www.edeka24.de/Lebensmittel/Kaffee-Tee/Kaffee-gemahlen-Instant/Jacobs-Kroenung-Loeslicher-Kaffee-Sticks-20x-1-8G.html,https://www.edeka24.de/out/pictures/generated/product/1/540_540_90/jacobskrnungsticks.jpg
96,Lebensmittel,Kaffee & Tee,Kaffee gemahlen / Instant,Nescafé Gold Original 100G,"7,49 €","74,90 €/kg","inkl. MwSt., zzgl. 4.95 € Versandkosten.",lieferbar innerhalb von 2-5 Werktagen,2023-05-02 22:53:57.398570,Löslicher Bohnenkaffee mit gemahlenem Röstkaffee,Hinweis zur Aufbewahrung: Trocken lagern. Vor Wärme schützen.,"Verantwortliches Lebensmittelunternehmen:
Nestlé Deutschland AG, 60523 Frankfurt/ Main","Zutatenverzeichnis: 97% löslicher Bohnenkaffee, 3% gemahlener Röstkaffee",,,,,,,,,https://www.edeka24.de/Lebensmittel/Kaffee-Tee/Kaffee-gemahlen-Instant/Nescaf-Gold-Original-100G.html,https://www.edeka24.de/out/pictures/generated/product/1/540_540_90/nescafegold100.jpg
97,Lebensmittel,Kaffee & Tee,Kaffee gemahlen / Instant,Nescafé Classic 100G,"5,79 €","57,90 €/kg","inkl. MwSt., zzgl. 4.95 € Versandkosten.",lieferbar innerhalb von 2-5 Werktagen,2023-05-02 22:53:59.918560,Instant-Bohnenkaffee,Hinweis zur Aufbewahrung: Trocken lagern. Vor Wärme schützen.,"Verantwortliches Lebensmittelunternehmen:
Nestlé Deutschland AG, 60523 Frankfurt am Main",,,,,,,,,,https://www.edeka24.de/Lebensmittel/Kaffee-Tee/Kaffee-gemahlen-Instant/Nescaf-Classic-100G.html,https://www.edeka24.de/out/pictures/generated/product/1/540_540_90/nescaf_classic_100_g.jpg
98,Lebensmittel,Kaffee & Tee,Kaffee gemahlen / Instant,Lavazza Crema e Gusto Filterkaffee 250G,"4,49 €","17,96 €/kg","inkl. MwSt., zzgl. 4.95 € Versandkosten.",lieferbar innerhalb von 2-5 Werktagen,2023-05-02 22:54:03.070703,Gemahlener Kaffee,Hinweis zur Aufbewahrung: trocken lagern.,"Verantwortliches Lebensmittelunternehmen:
LUIGI LAVAZZA S.p.A., C. SO NOVARA, 59- 10154 TORINO - ITALIA",,,,,,,,,,https://www.edeka24.de/Lebensmittel/Kaffee-Tee/Kaffee-gemahlen-Instant/Lavazza-Crema-e-Gusto-Filterkaffee-250G.html,https://www.edeka24.de/out/pictures/generated/product/1/540_540_90/cremaegusto_250g_vp_front_ean_8000070038868.jpg
99,Lebensmittel,Kaffee & Tee,Kaffee gemahlen / Instant,Melitta Kaffee Harmonie mild gemahlen 500G,"6,49 €","12,98 €/kg","inkl. MwSt., zzgl. 4.95 € Versandkosten.",lieferbar innerhalb von 2-5 Werktagen,2023-05-02 22:54:06.648034,Röstkaffee gemahlen. Stärke 2 von 5.,,"Verantwortliches Lebensmittelunternehmen:
Melitta Europa GmbH & Co. KG, Dortmunderstraße 1, 28199 Bremen",,,,,,,,,,https://www.edeka24.de/Lebensmittel/Kaffee-Tee/Kaffee-gemahlen-Instant/Melitta-Kaffee-Harmonie-mild-gemahlen-500G.html,https://www.edeka24.de/out/pictures/generated/product/1/540_540_90/4002720002285_fika_harmonie_mild_500g.jpg
100,Lebensmittel,Kaffee & Tee,Kaffee gemahlen / Instant,Café HAG klassisch mild entkoffeiniert 100G,"6,99 €","69,90 €/kg","inkl. MwSt., zzgl. 4.95 € Versandkosten.",lieferbar innerhalb von 2-5 Werktagen,2023-05-02 22:54:09.481675,"Entkoffeinierter löslicher Bohnenkaffee, gefriergetrocknet.",Hinweis zur Aufbewahrung: Kühl und trocken lagern.,"Verantwortliches Lebensmittelunternehmen:
JACOBS DOUWE EGBERTS, Langemarckstraße 4-20, D-28199 Bremen",,,,,,,,,,https://www.edeka24.de/Lebensmittel/Kaffee-Tee/Kaffee-gemahlen-Instant/Caf-HAG-klassisch-mild-entkoffeiniert-100G.html,https://www.edeka24.de/out/pictures/generated/product/1/540_540_90/kaffee_hag_lamp246slicher_kaffee_klassisch_mild_entkoffeiniert_100g.jpg
101,Lebensmittel,Kaffee & Tee,Kaffee gemahlen / Instant,Dallmayr Ethiopia Kaffee gemahlen 500G,"9,49 €","18,98 €/kg","inkl. MwSt., zzgl. 4.95 € Versandkosten.",lieferbar innerhalb von 2-5 Werktagen,2023-05-02 22:54:12.676961,Kaffee geröstet,,"Verantwortliches Lebensmittelunternehmen:
Alois Dallmayr Kaffee OHG, Dienerstr. 14-15, D-80331 München",,749,180,13,"5,9",24,"1,5",9,"0,03",https://www.edeka24.de/Lebensmittel/Kaffee-Tee/Kaffee-gemahlen-Instant/Dallmayr-Ethiopia-Kaffee-gemahlen-500G.html,https://www.edeka24.de/out/pictures/generated/product/1/540_540_90/dallmayr_ethiopia_kaffee_gemahlen_500g.jpg
102,Lebensmittel,Kaffee & Tee,Kaffee gemahlen / Instant,Alnatura Bio Malzkaffee 100G,"3,29 €","32,90 €/kg","inkl. MwSt., zzgl. 4.95 € Versandkosten.",lieferbar innerhalb von 2-5 Werktagen,2023-05-02 22:54:15.670847,"Bio Malzkaffee, löslich",Hinweis zur Aufbewahrung: Bitte trocken lagern und vor Wärme schützen.,"Verantwortliches Lebensmittelunternehmen:
Alnatura Produktions- und Handels GmbH, Mahatma-Gandhi-Str. 7, 64295 Darmstadt",Zutatenverzeichnis: GERSTE* gemälzt *aus biodynamischem Landbau.,1560,368,1,"0,5",81,"3,9","5,6","0,3",https://www.edeka24.de/Lebensmittel/Kaffee-Tee/Kaffee-gemahlen-Instant/Alnatura-Bio-Malzkaffee-100G.html,https://www.edeka24.de/out/pictures/generated/product/1/540_540_90/bio_alnmalzkaffee_100g.jpg
103,Lebensmittel,Kaffee & Tee,Kaffee gemahlen / Instant,Nescafé Gold Crema 200G,"12,99 €","64,95 €/kg","inkl. MwSt., zzgl. 4.95 € Versandkosten.",lieferbar innerhalb von 2-5 Werktagen,2023-05-02 22:54:18.147744,Löslicher Bohnenkaffee,Hinweis zur Aufbewahrung: Trocken lagern. Vor Wärme schützen.,"Verantwortliches Lebensmittelunternehmen:
Nestlé Deutschland AG, 60523 Frankfurt/ Main",,,,,,,,,,https://www.edeka24.de/Lebensmittel/Kaffee-Tee/Kaffee-gemahlen-Instant/Nescaf-Gold-Crema-200G.html,https://www.edeka24.de/out/pictures/generated/product/1/540_540_90/nescaf_gold_crema_200g.jpg
104,Lebensmittel,Kaffee & Tee,Kaffee gemahlen / Instant,Nescafé Gold Original 200G,"12,99 €","64,95 €/kg","inkl. MwSt., zzgl. 4.95 € Versandkosten.",lieferbar innerhalb von 2-5 Werktagen,2023-05-02 22:54:20.641562,Löslicher Bohnenkaffee mit gemahlenem Röstkaffee,Hinweis zur Aufbewahrung: Trocken lagern. Vor Wärme schützen.,"Verantwortliches Lebensmittelunternehmen:
Nestlé Deutschland AG, 60523 Frankfurt/Main","Zutatenverzeichnis: 97% löslicher Bohnenkaffee, 3% gemahlener Röstkaffee",,,,,,,,,https://www.edeka24.de/Lebensmittel/Kaffee-Tee/Kaffee-gemahlen-Instant/Nescaf-Gold-Original-200G.html,https://www.edeka24.de/out/pictures/generated/product/1/540_540_90/nescafegold.jpg
105,Lebensmittel,Kaffee & Tee,Kaffee gemahlen / Instant,Segafredo Zanetti Espresso Intermezzo gemahlen 250G,"4,49 €","17,96 €/kg","inkl. MwSt., zzgl. 4.95 € Versandkosten.",lieferbar innerhalb von 2-5 Werktagen,2023-05-02 22:54:22.276453,Gemahlener Röstkaffee,Hinweis zur Aufbewahrung: Kühl und trocken lagern,"Verantwortliches Lebensmittelunternehmen:
Segafredo Zanetti Deutschland GmbH, D-80686 München",Zutatenverzeichnis: 100% gemahlener Röstkaffee.,,,,,,,,,https://www.edeka24.de/Lebensmittel/Kaffee-Tee/Kaffee-gemahlen-Instant/Segafredo-Zanetti-Espresso-Intermezzo-gemahlen-250G.html,https://www.edeka24.de/out/pictures/generated/product/1/540_540_90/segafredo_zanetti_espresso_intermezzo_gemahlen_250g.jpg
106,Lebensmittel,Kaffee & Tee,Kaffee gemahlen / Instant,Jacobs Krönung Instantkaffee 100G,"6,99 €","69,90 €/kg","inkl. MwSt., zzgl. 4.95 € Versandkosten.",lieferbar innerhalb von 2-5 Werktagen,2023-05-02 22:54:23.954185,"Löslicher Bohnenkaffee, gefriergetrocknet.",Hinweis zur Aufbewahrung: Kühl und trocken lagern.,"Verantwortliches Lebensmittelunternehmen:
JACOBS DOUWE EGBERTS, Oosterdoksstraat 80, NL-1011 DK Amsterdam",,,,,,,,,,https://www.edeka24.de/Lebensmittel/Kaffee-Tee/Kaffee-gemahlen-Instant/Jacobs-Kroenung-Instantkaffee-100G.html,https://www.edeka24.de/out/pictures/generated/product/1/540_540_90/unbenannt(15).jpg
107,Lebensmittel,Kaffee & Tee,Kaffee gemahlen / Instant,Nescafé Gold Mild 200G,"12,99 €","64,95 €/kg","inkl. MwSt., zzgl. 4.95 € Versandkosten.",lieferbar innerhalb von 2-5 Werktagen,2023-05-02 22:54:25.231230,Löslicher Bohnenkaffee,Hinweis zur Aufbewahrung: Trocken lagern. Vor Wärme schützen.,"Verantwortliches Lebensmittelunternehmen:
Nestlé Deutschland AG, 60523 Frankfurt/ Main",Zutatenverzeichnis: 100% löslicher Bohnenkaffee.,,,,,,,,,https://www.edeka24.de/Lebensmittel/Kaffee-Tee/Kaffee-gemahlen-Instant/Nescaf-Gold-Mild-200G.html,https://www.edeka24.de/out/pictures/generated/product/1/540_540_90/nescaf_gold_mild_200g.jpg
108,Lebensmittel,Kaffee & Tee,Kaffee gemahlen / Instant,Darboven Café Intención ecológico gemahlen 500G,"9,49 €","18,98 €/kg","inkl. MwSt., zzgl. 4.95 € Versandkosten.",lieferbar innerhalb von 2-5 Werktagen,2023-05-02 22:54:26.801093,Röstkaffee gemahlen,Hinweis zur Aufbewahrung: Den Kaffee nach dem Öffnen kühl und trocken lagern.,"Verantwortliches Lebensmittelunternehmen:
J. J. Darboven GmbH & Co. KG, Pinkertweg 13, D-22113 Hamburg",Zutatenverzeichnis: Kaffeebohnen,811,194,"13,4",5,"1,5","1,5",14,"0,03",https://www.edeka24.de/Lebensmittel/Kaffee-Tee/Kaffee-gemahlen-Instant/Darboven-Caf-Intenci-n-ecol-gico-gemahlen-500G.html,https://www.edeka24.de/out/pictures/generated/product/1/540_540_90/ciecologico.jpg
109,Lebensmittel,Kaffee & Tee,Kaffee gemahlen / Instant,Mövenpick Kaffee Edle Komposition gemahlen 500G,"7,99 €","15,98 €/kg","inkl. MwSt., zzgl. 4.95 € Versandkosten.",lieferbar innerhalb von 2-5 Werktagen,2023-05-02 22:54:28.546313,Röstkaffee gemahlen,,"Verantwortliches Lebensmittelunternehmen:
J. J. Darboven GmbH & Co. KG, Pinkertweg 13, D-22113 Hamburg",,811,194,"13,4",5,"1,5","1,5",14,"0,03",https://www.edeka24.de/Lebensmittel/Kaffee-Tee/Kaffee-gemahlen-Instant/Moevenpick-Kaffee-Edle-Komposition-gemahlen-500G.html,https://www.edeka24.de/out/pictures/generated/product/1/540_540_90/mvenpickedlekompo.jpg
110,Lebensmittel,Kaffee & Tee,Kaffee gemahlen / Instant,Melitta Kaffee Montana gemahlen 500G,"6,49 €","12,98 €/kg","inkl. MwSt., zzgl. 4.95 € Versandkosten.",lieferbar innerhalb von 2-5 Werktagen,2023-05-02 22:54:30.331085,Röstkaffee gemahlen.,,"Verantwortliches Lebensmittelunternehmen:
Melitta Europa GmbH & Co. KG, Dortmunderstraße 1, 28199 Bremen",,,,,,,,,,https://www.edeka24.de/Lebensmittel/Kaffee-Tee/Kaffee-gemahlen-Instant/Melitta-Kaffee-Montana-gemahlen-500G.html,https://www.edeka24.de/out/pictures/generated/product/1/540_540_90/4002720002391_fika_montana_premium_500g.jpg
111,Lebensmittel,Kaffee & Tee,Kaffee gemahlen / Instant,Cellini Instant-Espresso 100G,"8,49 €","84,90 €/kg","inkl. MwSt., zzgl. 4.95 € Versandkosten.",lieferbar innerhalb von 2-5 Werktagen,2023-05-02 22:54:32.001769,Löslicher Bohnenkaffee,Hinweis zur Aufbewahrung: Vor direkter Sonneneinstrahlung und Wärme schützen. Nach dem Öffnen möglichst innerhalb von 2-4 Wochen verbrauchen.,"Verantwortliches Lebensmittelunternehmen:
CELLINI Deutschland GmbH, Friedrich-Legahn-Strasse 22, D-22587 Hamburg",,,,,,,,,,https://www.edeka24.de/Lebensmittel/Kaffee-Tee/Kaffee-gemahlen-Instant/Cellini-Instant-Espresso-100G.html,https://www.edeka24.de/out/pictures/generated/product/1/540_540_90/cellinstespr.jpg
112,Lebensmittel,Kaffee & Tee,Kaffee gemahlen / Instant,Gepa Cafe Camino 250G,"5,49 €","21,96 €/kg","inkl. MwSt., zzgl. 4.95 € Versandkosten.",lieferbar innerhalb von 2-5 Werktagen,2023-05-02 22:54:33.479440,"Wunderbar aromatisch und angenehm mild: Diese runde Kaffeemischung erfüllt alle Wünsche. Reine Arabica Bohnen werden besonders schonend geröstet und filterfein gemahlen. Viele Kleinbauern in Afrika und Lateinamerika widmen ihr Leben dem Anbau von erstklassigem Kaffee. In engagierten Kooperativen wie zum Beispiel SOPPEXCCA in Nicaragua oder FEDECOCAGUA in Guatemala haben sie sich zusammnengeschlossen. So können sie ihre handverlesenen Ernten besser verkaufen und erzielen Preise, von denen ihre Familien wirklich leben können. Fair Trade-Prämien geben ihnen außerdem Spielraum für Investitionen in Bildung, soziale oder ökologische Projekte.",,"Verantwortliches Lebensmittelunternehmen:
GEPA - The Fair Trade Company, GEPA-Weg 1, D-42327 Wuppertal",Zutatenverzeichnis: 100% Arabica,,,,,,,,,https://www.edeka24.de/Lebensmittel/Kaffee-Tee/Kaffee-gemahlen-Instant/Gepa-Cafe-Camino-250G.html,https://www.edeka24.de/out/pictures/generated/product/1/540_540_90/gepa_cafe_camino_250g.jpg
113,Lebensmittel,Kaffee & Tee,Kaffee gemahlen / Instant,Darboven Idee Kaffee Entkoffeiniert gemahlen 500G,"7,99 €","15,98 €/kg","inkl. MwSt., zzgl. 4.95 € Versandkosten.",lieferbar innerhalb von 2-5 Werktagen,2023-05-02 22:54:36.017799,Röstkaffee gemahlen,,"Verantwortliches Lebensmittelunternehmen:
J. J. Darboven GmbH & Co. KG, Pinkertweg 13, D-22113 Hamburg",Zutatenverzeichnis: Kaffeebohnen,,,,,,,,,https://www.edeka24.de/Lebensmittel/Kaffee-Tee/Kaffee-gemahlen-Instant/Darboven-Idee-Kaffee-Entkoffeiniert-gemahlen-500G.html,https://www.edeka24.de/out/pictures/generated/product/1/540_540_90/darboven_idee_kaffee_entkoffeiniert_gemahlen_500g.jpg
114,Lebensmittel,Kaffee & Tee,Kaffee gemahlen / Instant,Jacobs Krönung Instantkaffee 200G,"11,49 €","57,45 €/kg","inkl. MwSt., zzgl. 4.95 € Versandkosten.",lieferbar innerhalb von 2-5 Werktagen,2023-05-02 22:54:37.503191,"Löslicher Bohnenkaffee, gefriergetrocknet.",Hinweis zur Aufbewahrung: Kühl und trocken lagern.,"Verantwortliches Lebensmittelunternehmen:
JACOBS DOUWE EGBERTS, Oosterdoksstraat 80, NL-1011 DK Amsterdam",,,,,,,,,,https://www.edeka24.de/Lebensmittel/Kaffee-Tee/Kaffee-gemahlen-Instant/Jacobs-Kroenung-Instantkaffee-200G.html,https://www.edeka24.de/out/pictures/generated/product/1/540_540_90/unbenannt(14).jpg
115,Lebensmittel,Kaffee & Tee,Kaffee gemahlen / Instant,Darboven Idee Kaffee Classic gemahlen 500G,"7,99 €","15,98 €/kg","inkl. MwSt., zzgl. 4.95 € Versandkosten.",lieferbar innerhalb von 2-5 Werktagen,2023-05-02 22:54:39.409781,Röstkaffee gemahlen,,"Verantwortliches Lebensmittelunternehmen:
J. J. Darboven GmbH & Co. KG, Pinkertweg 13, D-22113 Hamburg",Zutatenverzeichnis: Kaffeebohnen,,,,,,,,,https://www.edeka24.de/Lebensmittel/Kaffee-Tee/Kaffee-gemahlen-Instant/Darboven-Idee-Kaffee-Classic-gemahlen-500G.html,https://www.edeka24.de/out/pictures/generated/product/1/540_540_90/darbovenideekaffee100arabbica.jpg
116,Lebensmittel,Kaffee & Tee,Kaffee gemahlen / Instant,Eilles Gourmet Café Edel-Aromatisch gemahlen 500G,"7,99 €","15,98 €/kg","inkl. MwSt., zzgl. 4.95 € Versandkosten.",lieferbar innerhalb von 2-5 Werktagen,2023-05-02 22:54:41.114336,Röstkaffee gemahlen,Hinweis zur Aufbewahrung: Bewahren Sie Eilles Gourmet Cafe in dieser Aromaschutzpackung im Kühlschrank auf. So bleibt sein köstliches Aroma besonders lange erhalten.,"Verantwortliches Lebensmittelunternehmen:
J. J. Darboven GmbH & Co. KG, Pinkertweg 13, D-22113 Hamburg",,,,,,,,,,https://www.edeka24.de/Lebensmittel/Kaffee-Tee/Kaffee-gemahlen-Instant/Eilles-Gourmet-Caf-Edel-Aromatisch-gemahlen-500G.html,https://www.edeka24.de/out/pictures/generated/product/1/540_540_90/eilles_gourmet_caf_edelaromatisch_gemahlen_500g.jpg
117,Lebensmittel,Kaffee & Tee,Kaffee gemahlen / Instant,Dallmayr Kaffee Prodomo naturmild 500G,"8,49 €","16,98 €/kg","inkl. MwSt., zzgl. 4.95 € Versandkosten.",lieferbar innerhalb von 2-5 Werktagen,2023-05-02 22:54:42.791063,Kaffee geröstet,,"Verantwortliches Lebensmittelunternehmen:
Alois Dallmayr Kaffee OHG, Dienerstr. 14-15, D-80331 München",Zutatenverzeichnis: Kaffee geröstet keine deklarationspflichtigen Allergene enthalten,180,749,13,"5,9",24,"1,5",9,"0,03",https://www.edeka24.de/Lebensmittel/Kaffee-Tee/Kaffee-gemahlen-Instant/Dallmayr-Kaffee-Prodomo-naturmild-500G.html,https://www.edeka24.de/out/pictures/generated/product/1/540_540_90/dallmayr_kaffee_prodomo_naturmild.jpg
118,Lebensmittel,Kaffee & Tee,Kaffee gemahlen / Instant,Mövenpick El Autentico Kaffee gemahlen 500G,"8,99 €","17,98 €/kg","inkl. MwSt., zzgl. 4.95 € Versandkosten.",lieferbar innerhalb von 2-5 Werktagen,2023-05-02 22:54:44.589428,Röstkaffee gemahlen,Hinweis zur Aufbewahrung: Den Kaffee nach dem Öffnen kühl und trocken lagern.,"Verantwortliches Lebensmittelunternehmen:
J. J. Darboven GmbH & Co. KG, 22113 Hamburg",,,,,,,,,,https://www.edeka24.de/Lebensmittel/Kaffee-Tee/Kaffee-gemahlen-Instant/Moevenpick-El-Autentico-Kaffee-gemahlen-500G.html,https://www.edeka24.de/out/pictures/generated/product/1/540_540_90/mvenpickautentico.jpg
119,Lebensmittel,Kaffee & Tee,Kaffee gemahlen / Instant,Café Hag Klassich mild entkoffeiniert 500G,"7,99 €","15,98 €/kg","inkl. MwSt., zzgl. 4.95 € Versandkosten.",lieferbar innerhalb von 2-5 Werktagen,2023-05-02 22:54:46.160307,"Entkoffeinierter Röstkaffee, gemahlen.",Hinweis zur Aufbewahrung: Trocken lagern und vor Wärme schützen.,"Verantwortliches Lebensmittelunternehmen:
JACOBS DOUWE EGBERTS, Langemarckstraße 4-20, D-28199 Bremen",,,,,,,,,,https://www.edeka24.de/Lebensmittel/Kaffee-Tee/Kaffee-gemahlen-Instant/Caf-Hag-Klassich-mild-entkoffeiniert-500G.html,https://www.edeka24.de/out/pictures/generated/product/1/540_540_90/cafehagklassischmild.jpg
120,Lebensmittel,Kaffee & Tee,Kaffee gemahlen / Instant,Jacobs Gold Instantkaffee 100G,"5,99 €","59,90 €/kg","inkl. MwSt., zzgl. 4.95 € Versandkosten.",lieferbar innerhalb von 2-5 Werktagen,2023-05-02 22:54:48.074040,"Löslicher Bohnenkaffee, gefriergetrocknet.",Hinweis zur Aufbewahrung: Trocken lagern und vor Wärme schützen.,"Verantwortliches Lebensmittelunternehmen:
JACOBS DOUWE EGBERTS, Oosterdoksstraat 80, NL-1011 DK Amsterdam Langemarckstraße 4-20, D-28199 Bremen",,,,,,,,,,https://www.edeka24.de/Lebensmittel/Kaffee-Tee/Kaffee-gemahlen-Instant/Jacobs-Gold-Instantkaffee-100G.html,https://www.edeka24.de/out/pictures/generated/product/1/540_540_90/jacobsgoldd.jpg
121,Lebensmittel,Kaffee & Tee,Kaffee gemahlen / Instant,Melitta Kaffee des Jahres 500G,"5,99 €","11,98 €/kg","inkl. MwSt., zzgl. 4.95 € Versandkosten.",lieferbar innerhalb von 2-5 Werktagen,2023-05-02 22:54:49.896769,Röstkaffee gemahlen. Jahres-Edition mit individuellen Geschmacksnoten.,,"Verantwortliches Lebensmittelunternehmen:
Melitta Europa GmbH & Co. KG, Dortmunderstraße 1, 28199 Bremen",,,,,,,,,,https://www.edeka24.de/Lebensmittel/Kaffee-Tee/Kaffee-gemahlen-Instant/Melitta-Kaffee-des-Jahres-500G.html,https://www.edeka24.de/out/pictures/generated/product/1/540_540_90/melitta_kaffee_des_jahres_500g(1).jpg
123,Lebensmittel,Kaffee & Tee,Kaffee gemahlen / Instant,Jacobs Krönung Kaffee Mild gemahlen 500G,"7,99 €","15,98 €/kg","inkl. MwSt., zzgl. 4.95 € Versandkosten.",lieferbar innerhalb von 2-5 Werktagen,2023-05-02 22:54:53.735588,Röstkaffee gemahlen,,"Verantwortliches Lebensmittelunternehmen:
Jacobs Douwe Egberts DE GmbH, Langemarckstraße 4 - 20, D-28199 Bremen",,,,,,,,,,https://www.edeka24.de/Lebensmittel/Kaffee-Tee/Kaffee-gemahlen-Instant/Jacobs-Kroenung-Kaffee-Mild-gemahlen-500G.html,https://www.edeka24.de/out/pictures/generated/product/1/540_540_90/krnungmild.png
124,Lebensmittel,Kaffee & Tee,Kaffee gemahlen / Instant,Dallmayr Kaffee Entkoffeiniert gemahlen 500G,"7,99 €","15,98 €/kg","inkl. MwSt., zzgl. 4.95 € Versandkosten.",lieferbar innerhalb von 2-5 Werktagen,2023-05-02 22:54:55.337632,Kaffee geröstet entcoffeiniert,,"Verantwortliches Lebensmittelunternehmen:
Alois Dallmayr Kaffee OHG, Dienerstr. 14-15, D-80331 München",,,,,,,,,,https://www.edeka24.de/Lebensmittel/Kaffee-Tee/Kaffee-gemahlen-Instant/Dallmayr-Kaffee-Entkoffeiniert-gemahlen-500G.html,https://www.edeka24.de/out/pictures/generated/product/1/540_540_90/dallmayrprodentcoff(1).jpg
125,Lebensmittel,Kaffee & Tee,Kaffee gemahlen / Instant,Jacobs Krönung kräftig gemahlen 500G,"7,99 €","15,98 €/kg","inkl. MwSt., zzgl. 4.95 € Versandkosten.",lieferbar innerhalb von 2-5 Werktagen,2023-05-02 22:54:57.115352,"Röstkaffee, gemahlen.",Hinweis zur Aufbewahrung: Trocken und kühl lagern.,"Verantwortliches Lebensmittelunternehmen:
JACOBS DOUWE EGBERTS, Oosterdoksstraat 80, NL-1011 DK Amsterdam Langemarckstraße 4-20, D-28199 Bremen",,,,,,,,,,https://www.edeka24.de/Lebensmittel/Kaffee-Tee/Kaffee-gemahlen-Instant/Jacobs-Kroenung-kraeftig-gemahlen-500G.html,https://www.edeka24.de/out/pictures/generated/product/1/540_540_90/jacobskrnungkrftig.jpg
126,Lebensmittel,Kaffee & Tee,Kaffee gemahlen / Instant,Segafredo Zanetti Espresso Casa gemahlen 250G,"5,49 €","21,96 €/kg","inkl. MwSt., zzgl. 4.95 € Versandkosten.",lieferbar innerhalb von 2-5 Werktagen,2023-05-02 22:54:58.737915,gemahlener Röstkaffee,Hinweis zur Aufbewahrung: Kühl und trocken lagern.,"Verantwortliches Lebensmittelunternehmen:
Segafredo Zanetti Deutschland GmbH, D-80686 München",,,,,,,,,,https://www.edeka24.de/Lebensmittel/Kaffee-Tee/Kaffee-gemahlen-Instant/Segafredo-Zanetti-Espresso-Casa-gemahlen-250G.html,https://www.edeka24.de/out/pictures/generated/product/1/540_540_90/segafredo_zanetti_espresso_casa_gemahlen_250_g.jpg
127,Lebensmittel,Kaffee & Tee,Kaffee gemahlen / Instant,Monti Espresso Italiano gemahlen 250G,"3,69 €","14,76 €/kg","inkl. MwSt., zzgl. 4.95 € Versandkosten.",lieferbar innerhalb von 2-5 Werktagen,2023-05-02 22:55:00.907754,-,,"Verantwortliches Lebensmittelunternehmen:
Remy & Kohlhaas GmbH, 65344 Eltville",,,,,,,,,,https://www.edeka24.de/Lebensmittel/Kaffee-Tee/Kaffee-gemahlen-Instant/Monti-Espresso-Italiano-gemahlen-250G.html,https://www.edeka24.de/out/pictures/generated/product/1/540_540_90/monti_espresso_italiano_gemahlen.jpg
129,Lebensmittel,Kaffee & Tee,Kaffee gemahlen / Instant,Jacobs Krönung entkoffeiniert gemahlen 500G,"7,99 €","15,98 €/kg","inkl. MwSt., zzgl. 4.95 € Versandkosten.",lieferbar innerhalb von 2-5 Werktagen,2023-05-02 22:55:09.080445,"Entkoffeinierter Röstkaffee, gemahlen.",Hinweis zur Aufbewahrung: Trocken lagern und vor Wärme schützen.,"Verantwortliches Lebensmittelunternehmen:
JACOBS DOUWE EGBERTS, Oosterdoksstraat 80, NL-1011 DK Amsterdam Langemarckstraße 4-20, D-28199 Bremen",,,,,,,,,,https://www.edeka24.de/Lebensmittel/Kaffee-Tee/Kaffee-gemahlen-Instant/Jacobs-Kroenung-entkoffeiniert-gemahlen-500G.html,https://www.edeka24.de/out/pictures/generated/product/1/540_540_90/jacobsentkoff.jpg
130,Lebensmittel,Kaffee & Tee,Kaffee gemahlen / Instant,Melitta Der Kräftige gemahlen 500G,"6,99 €","13,98 €/kg","inkl. MwSt., zzgl. 4.95 € Versandkosten.",lieferbar innerhalb von 2-5 Werktagen,2023-05-02 22:55:11.246697,,,"Verantwortliches Lebensmittelunternehmen:
Melitta Europa GmbH & Co. KG., D-28199 Bremen",,,,,,,,,,https://www.edeka24.de/Lebensmittel/Kaffee-Tee/Kaffee-gemahlen-Instant/Melitta-Der-Kraeftige-gemahlen-500G.html,https://www.edeka24.de/out/pictures/generated/product/1/540_540_90/melitta_der_kramp228ftige_gemahlen_500g.jpg
131,Lebensmittel,Kaffee & Tee,Kaffee gemahlen / Instant,Lavazza Qualita Rossa Filterkaffee 250G,"5,79 €","23,16 €/kg","inkl. MwSt., zzgl. 4.95 € Versandkosten.",lieferbar innerhalb von 2-5 Werktagen,2023-05-02 22:55:14.185814,Gemahlener Kaffee,Hinweis zur Aufbewahrung: trocken lagern.,"Verantwortliches Lebensmittelunternehmen:
LUIGI LAVAZZA S.p.A., C. SO NOVARA, 59- 10154 TORINO - ITALIA",,,,,,,,,,https://www.edeka24.de/Lebensmittel/Kaffee-Tee/Kaffee-gemahlen-Instant/Lavazza-Qualita-Rossa-Filterkaffee-250G.html,https://www.edeka24.de/out/pictures/generated/product/1/540_540_90/qualitarossa_250g_vp_front_ean_8000070035980.jpg
134,Lebensmittel,Kaffee & Tee,Kaffee gemahlen / Instant,Nescafé Gold Entkoffeiniert 100G,"7,49 €","74,90 €/kg","inkl. MwSt., zzgl. 4.95 € Versandkosten.",lieferbar innerhalb von 2-5 Werktagen,2023-05-02 22:55:20.386842,Entkoffeinierter löslicher Bohnenkaffee mit entkoffeiniertem gemahlenen Röstkaffee,Hinweis zur Aufbewahrung: Trocken lagern. Vor Wärme schützen.,"Verantwortliches Lebensmittelunternehmen:
Nestlé Deutschland AG, 60523 Frankfurt/Main","Zutatenverzeichnis: 97% entkoffeinierter löslicher Bohnenkaffee, 3% entkoffeinierter gemahlener Röstkaffee",,,,,,,,,https://www.edeka24.de/Lebensmittel/Kaffee-Tee/Kaffee-gemahlen-Instant/Nescaf-Gold-Entkoffeiniert-100G.html,https://www.edeka24.de/out/pictures/generated/product/1/540_540_90/nescaf_gold_lslicher_bohnenkaffee_entkoffeiniert.jpg
136,Lebensmittel,Kaffee & Tee,Kaffeepads,Senseo Kaffeepads classic 16ST 111G,"3,29 €","29,64 €/kg","inkl. MwSt., zzgl. 4.95 € Versandkosten.",lieferbar innerhalb von 2-5 Werktagen,2023-05-02 22:55:24.885734,Gemahlener Röstkaffee in Pads.,"Hinweis zur Aufbewahrung: Wir empfehlen, die SENSEO® Kaffeepads nach dem Öffnen gut verschlossen an einem kühlen und trockenen Ort zu lagern und innerhalb von 2-3 Wochen aufzubrauchen.","Verantwortliches Lebensmittelunternehmen:
JACOBS DOUWE EGBERTS, Oosterdoksstraat 80, NL-1011 DK Amsterdam Langemarckstraße 4-20, D-28199 Bremen",,,,,,,,,,https://www.edeka24.de/Lebensmittel/Kaffee-Tee/Kaffeepads/Senseo-Kaffeepads-classic-16ST-111G.html,https://www.edeka24.de/out/pictures/generated/product/1/540_540_90/senseoclassic16.jpg
137,Lebensmittel,Kaffee & Tee,Kaffeepads,Senseo Kaffeepads entkoffeiniert 16ST 111G,"3,29 €","29,64 €/kg","inkl. MwSt., zzgl. 4.95 € Versandkosten.",lieferbar innerhalb von 2-5 Werktagen,2023-05-02 22:55:26.638798,"Gemahlener, entkoffeinierter Röstkaffee in Pads.","Hinweis zur Aufbewahrung: Wir empfehlen, die SENSEO® Kaffeepads nach dem Öffnen gut verschlossen an einem kühlen und trockenen Ort zu lagern und innerhalb von 2-3 Wochen aufzubrauchen.","Verantwortliches Lebensmittelunternehmen:
JACOBS DOUWE EGBERTS, Oosterdoksstraat 80, NL-1011 DK Amsterdam Langemarckstraße 4-20, D-28199 Bremen",,,,,,,,,,https://www.edeka24.de/Lebensmittel/Kaffee-Tee/Kaffeepads/Senseo-Kaffeepads-entkoffeiniert-16ST-111G.html,https://www.edeka24.de/out/pictures/generated/product/1/540_540_90/senseodecaf16.jpg
138,Lebensmittel,Kaffee & Tee,Kaffeepads,Melitta BellaCrema Kaffeepads La Crema 16ST 107G,"2,29 €","21,40 €/kg","inkl. MwSt., zzgl. 4.95 € Versandkosten.",lieferbar innerhalb von 2-5 Werktagen,2023-05-02 22:55:28.392242,Gemahlener Röstkaffee in Kaffeepads,"Hinweis zur Aufbewahrung: Kaffeepads gut verschlossen, kühl und trocken aufbewahren. Nach dem Öffnen innerhalb von zwei Wochen verbrauchen. Bitte legen Sie das Pad mit dem Melitta®-Logo nach oben in Ihren Pad-Halter ein.","Verantwortliches Lebensmittelunternehmen:
Melitta Europa GmbH & Co.KG Geschäftsbereich Kaffee, Dortmunder Str. 1, 28199 Bremen",,,,,,,,,,https://www.edeka24.de/Lebensmittel/Kaffee-Tee/Kaffeepads/Melitta-BellaCrema-Kaffeepads-La-Crema-16ST-107G.html,https://www.edeka24.de/out/pictures/generated/product/1/540_540_90/melitta_bellacrema_kaffeepads_mild_16st_107g.jpg
139,Lebensmittel,Kaffee & Tee,Kaffeepads,Melitta Auslese Klassisch Kaffeepads 16ST 112G,"2,29 €","20,45 €/kg","inkl. MwSt., zzgl. 4.95 € Versandkosten.",lieferbar innerhalb von 2-5 Werktagen,2023-05-02 22:55:30.077635,Gemahlener Röstkaffee in Kaffeepads,"Hinweis zur Aufbewahrung: Kaffeepads gut verschlossen, kühl und trocken aufbewahren. Nach dem Öffnen innerhalb von zwei Wochen verbrauchen. Bitte legen Sie das Pad mit dem Melitta®-Logo nach oben in Ihren Pad-Halter ein.","Verantwortliches Lebensmittelunternehmen:
Melitta Europa GmbH & Co. KG, Dortmunderstraße 1, 28199 Bremen",Zutatenverzeichnis: Unter Schutzatmosphäre verpackt.,,,,,,,,,https://www.edeka24.de/Lebensmittel/Kaffee-Tee/Kaffeepads/Melitta-Auslese-Klassisch-Kaffeepads-16ST-112G.html,https://www.edeka24.de/out/pictures/generated/product/1/540_540_90/melitta_auslese_klassisch_kaffeepads_16st_112g.jpg
140,Lebensmittel,Kaffee & Tee,Kaffeepads,Senseo Kaffeepads Cappuccino 8ST 92G,"3,29 €","35,76 €/kg","inkl. MwSt., zzgl. 4.95 € Versandkosten.",lieferbar innerhalb von 2-5 Werktagen,2023-05-02 22:55:31.625095,"Aromatisiertes, gesüsstes Getränkepulver mit löslichem Bohnenkaffeeund Kaffeeweisser (mit Magermilchpulver) in Pads","Hinweis zur Aufbewahrung: Wir empfehlen, die SENSEO® Kaffeepads nach dem Öffnen gut verschlossen an einem kühlen und trockenen Ort zu lagern und innerhalb von 2-3Wochen aufzubrauchen.","Verantwortliches Lebensmittelunternehmen:
JACOBS DOUWE EGBERTS, Oosterdoksstraat 80, NL-1011 DK Amsterdam Langemarckstraße 4-20, D-28199 Bremen","Zutatenverzeichnis: Zutaten: Kokosfett (ganz gehärtet), Glukosesirup, Zucker, MAGERMILCHPULVER, löslicher Kaffee (9,9%), Stabilisator (E340, E452), Aroma, MILCHPROTEIN, Salz, Trennmittel (E551, E341), Emulgator (E481).",151,36,"1,6","1,6","4,4","3,1","0,9","0,07",https://www.edeka24.de/Lebensmittel/Kaffee-Tee/Kaffeepads/Senseo-Kaffeepads-Cappuccino-8ST-92G.html,https://www.edeka24.de/out/pictures/generated/product/1/540_540_90/senseocappu.jpg
141,Lebensmittel,Kaffee & Tee,Kaffeepads,Senseo Kaffeepads mild 16ST 111G,"3,29 €","29,64 €/kg","inkl. MwSt., zzgl. 4.95 € Versandkosten.",lieferbar innerhalb von 2-5 Werktagen,2023-05-02 22:55:33.562830,Gemahlener Röstkaffee in Pads.,"Hinweis zur Aufbewahrung: Wir empfehlen, die SENSEO® Kaffeepads nach dem Öffnen gut verschlossen an einem kühlen und trockenen Ort zu lagern und innerhalb von 2-3 Wochen aufzubrauchen.","Verantwortliches Lebensmittelunternehmen:
JACOBS DOUWE EGBERTS, Oosterdoksstraat 80, NL-1011 DK Amsterdam Langemarckstraße 4-20, D-28199 Bremen",,,,,,,,,,https://www.edeka24.de/Lebensmittel/Kaffee-Tee/Kaffeepads/Senseo-Kaffeepads-mild-16ST-111G.html,https://www.edeka24.de/out/pictures/generated/product/1/540_540_90/senseomild16.jpg
142,Lebensmittel,Kaffee & Tee,Kaffeepads,Melitta BellaCrema Kaffeepads Intenso 16ST 107G,"2,29 €","21,40 €/kg","inkl. MwSt., zzgl. 4.95 € Versandkosten.",lieferbar innerhalb von 2-5 Werktagen,2023-05-02 22:55:35.081741,Gemahlener Röstkaffee in Kaffeepads,"Hinweis zur Aufbewahrung: Kaffeepads gut verschlossen, kühl und trocken aufbewahren. Nach dem Öffnen innerhalb von zwei Wochen verbrauchen. Bitte legen Sie das Pad mit dem Melitta®-Logo nach oben in Ihren Pad-Halter ein.","Verantwortliches Lebensmittelunternehmen:
Melitta Europa GmbH & Co.KG Geschäftsbereich Kaffee, Dortmunder Str. 1, 28199 Bremen",,,,,,,,,,https://www.edeka24.de/Lebensmittel/Kaffee-Tee/Kaffeepads/Melitta-BellaCrema-Kaffeepads-Intenso-16ST-107G.html,https://www.edeka24.de/out/pictures/generated/product/1/540_540_90/melitta_bellacrema_kaffeepads_vollmundig_16st_107g.jpg
143,Lebensmittel,Kaffee & Tee,Kaffeepads,Dallmayr Kaffeepads Classic 16+2ST 124G,"2,69 €","21,69 €/kg","inkl. MwSt., zzgl. 4.95 € Versandkosten.",lieferbar innerhalb von 2-5 Werktagen,2023-05-02 22:55:36.613636,-,"Hinweis zur Aufbewahrung: Geöffnete Packung gut verschlossen, kühl und trocken aufbewahren.","Verantwortliches Lebensmittelunternehmen:
Alois Dallmayr, Dienerstraße 14-15, D-80331 München",,,,,,,,,,https://www.edeka24.de/Lebensmittel/Kaffee-Tee/Kaffeepads/Dallmayr-Kaffeepads-Classic-16-2ST-124G.html,https://www.edeka24.de/out/pictures/generated/product/1/540_540_90/dallmayr_kaffeepads_classic.jpg
144,Lebensmittel,Kaffee & Tee,Kaffeepads,Dallmayr Kaffeepads Prodomo Naturmild 16ER 112G,"2,69 €","24,02 €/kg","inkl. MwSt., zzgl. 4.95 € Versandkosten.",lieferbar innerhalb von 2-5 Werktagen,2023-05-02 22:55:38.758031,Kaffee geröstet,Hinweis zur Aufbewahrung: Geöffnete Packung gut verschlossen. kühl und trocken aufbewahren.,"Verantwortliches Lebensmittelunternehmen:
Alois Dallmayr Kaffee OHG, Dienerstr. 14-15 80331 München",,,,,,,,,,https://www.edeka24.de/Lebensmittel/Kaffee-Tee/Kaffeepads/Dallmayr-Kaffeepads-Prodomo-Naturmild-16ER-112G.html,https://www.edeka24.de/out/pictures/generated/product/1/540_540_90/dallmayr_kaffeepads_prodomo_naturmild.jpg
145,Lebensmittel,Kaffee & Tee,Kaffeepads,Alberto Caffè Crema Pads 36ST 252G,"4,99 €","19,80 €/kg","inkl. MwSt., zzgl. 4.95 € Versandkosten.",lieferbar innerhalb von 2-5 Werktagen,2023-05-02 22:55:40.820157,Röstkaffee gemahlen,Hinweis zur Aufbewahrung: Den Kaffee nach dem Öffnen kühl und trocken lagern.,"Verantwortliches Lebensmittelunternehmen:
J. J. Darboven GmbH & Co. KG, 22113 Hamburg",,194,811,"13,4",5,"1,5","1,5",14,"0,03",https://www.edeka24.de/Lebensmittel/Kaffee-Tee/Kaffeepads/Alberto-Caff-Crema-Pads-36ST-252G.html,https://www.edeka24.de/out/pictures/generated/product/1/540_540_90/albertocaffecremapads.jpg
146,Lebensmittel,Kaffee & Tee,Kaffeepads,Segafredo Intermezzo Kaffeepads 16ST 111G,"2,99 €","26,94 €/kg","inkl. MwSt., zzgl. 4.95 € Versandkosten.",lieferbar innerhalb von 2-5 Werktagen,2023-05-02 22:55:43.075113,Kaffeepads mit gemahlenem Kaffee,Hinweis zur Aufbewahrung: Kühl und trocken lagern,"Verantwortliches Lebensmittelunternehmen:
Segafredo Zanetti Deutschland GmbH, D-80686 München",Zutatenverzeichnis: 100% gemahlener Röstkaffee.,,,,,,,,,https://www.edeka24.de/Lebensmittel/Kaffee-Tee/Kaffeepads/Segafredo-Intermezzo-Kaffeepads-16ST-111G.html,https://www.edeka24.de/out/pictures/generated/product/1/540_540_90/segafredo_intermezzo_coffee_pads_16st_111g.jpg
147,Lebensmittel,Kaffee & Tee,Kaffeepads,Dallmayr Crema d'Oro Intensa Kaffeepads 16ST 112G,"2,69 €","24,02 €/kg","inkl. MwSt., zzgl. 4.95 € Versandkosten.",lieferbar innerhalb von 2-5 Werktagen,2023-05-02 22:55:44.789982,Kaffee geröstet,"Hinweis zur Aufbewahrung: Geöffnete Packung gut verschlossen, kühl und trocken aufbewahren.","Verantwortliches Lebensmittelunternehmen:
Alois Dallmayr Kaffee OHG, Dienerstr. 14-15, 80331 München",,,,,,,,,,https://www.edeka24.de/Lebensmittel/Kaffee-Tee/Kaffeepads/Dallmayr-Crema-d-Oro-Intensa-Kaffeepads-16ST-112G.html,https://www.edeka24.de/out/pictures/generated/product/1/540_540_90/dallmayr_crema_d039oro_intensa_kaffeepads.jpg
148,Lebensmittel,Kaffee & Tee,Kaffeepads,Senseo Kaffeepads Espresso 16ST 111G,"3,29 €","29,64 €/kg","inkl. MwSt., zzgl. 4.95 € Versandkosten.",lieferbar innerhalb von 2-5 Werktagen,2023-05-02 22:55:46.309461,Gemahlener Röstkaffee in Pads,"Hinweis zur Aufbewahrung: Wir empfehlen, die SENSEO® Kaffeepads nach dem Öffnen gut verschlossen an einem kühlen und trockenen Ort zu lagern und innerhalb von 2-3 Wochen aufzubrauchen.","Verantwortliches Lebensmittelunternehmen:
JACOBS DOUWE EGBERTS, Oosterdoksstraat 80, NL-1011 DK Amsterdam Langemarckstraße 4-20, D-28199 Bremen",,,,,,,,,,https://www.edeka24.de/Lebensmittel/Kaffee-Tee/Kaffeepads/Senseo-Kaffeepads-Espresso-16ST-111G.html,https://www.edeka24.de/out/pictures/generated/product/1/540_540_90/senseoespress.jpg
149,Lebensmittel,Kaffee & Tee,Kaffeepads,Senseo Kaffeepads Caffe Crema 16ST 111G,"3,29 €","29,64 €/kg","inkl. MwSt., zzgl. 4.95 € Versandkosten.",lieferbar innerhalb von 2-5 Werktagen,2023-05-02 22:55:48.134553,Gemahlener Röstkaffee in Pads,"Hinweis zur Aufbewahrung: Wir empfehlen, die SENSEO® Kaffeepads nach dem Öffnen gut verschlossen an einem kühlen und trockenen Ort zu lagern und innerhalb von 2-3 Wochen aufzubrauchen.","Verantwortliches Lebensmittelunternehmen:
JACOBS DOUWE EGBERTS, Oosterdoksstraat 80, NL-1011 DK Amsterdam Langemarckstraße 4-20, D-28199 Bremen",,,,,,,,,,https://www.edeka24.de/Lebensmittel/Kaffee-Tee/Kaffeepads/Senseo-Kaffeepads-Caffe-Crema-16ST-111G.html,https://www.edeka24.de/out/pictures/generated/product/1/540_540_90/senseocafcrem.jpg
150,Lebensmittel,Kaffee & Tee,Kaffeepads,Jacobs Kaffeepads mild 18ST 118G,"2,49 €","21,10 €/kg","inkl. MwSt., zzgl. 4.95 € Versandkosten.",lieferbar innerhalb von 2-5 Werktagen,2023-05-02 22:55:49.979051,"Röstkaffee gemahlen, Kaffeepads.",Hinweis zur Aufbewahrung: Trocken lagern und vor Wärme schützen.,"Verantwortliches Lebensmittelunternehmen:
JACOBS DOUWE EGBERTS, Oosterdoksstraat 80, NL-1011 DK Amsterdam Langemarckstraße 4-20, D-28199 Bremen",,,,,,,,,,https://www.edeka24.de/Lebensmittel/Kaffee-Tee/Kaffeepads/Jacobs-Kaffeepads-mild-18ST-118G.html,https://www.edeka24.de/out/pictures/generated/product/1/540_540_90/jacobs_kaffeepads_mild_18st_118g.jpg
151,Lebensmittel,Kaffee & Tee,Kaffeepads,Alberto Espresso Kaffeepads 36ST 252G,"4,99 €","19,80 €/kg","inkl. MwSt., zzgl. 4.95 € Versandkosten.",lieferbar innerhalb von 2-5 Werktagen,2023-05-02 22:55:51.898828,Röstkaffee gemahlen,,"Verantwortliches Lebensmittelunternehmen:
J. J. Darboven GmbH & Co. KG, 22113 Hamburg",,811,194,"13,4",5,"1,5","1,5",14,"0,03",https://www.edeka24.de/Lebensmittel/Kaffee-Tee/Kaffeepads/Alberto-Espresso-Kaffeepads-36ST-252G.html,https://www.edeka24.de/out/pictures/generated/product/1/540_540_90/albertoespressopads.jpg
152,Lebensmittel,Kaffee & Tee,Kaffeepads,Senseo Kaffeepads Cappuccino Caramel 8ST 92G,"3,29 €","35,76 €/kg","inkl. MwSt., zzgl. 4.95 € Versandkosten.",lieferbar innerhalb von 2-5 Werktagen,2023-05-02 22:55:54.121776,"Aromatisiertes, gesüsstes Getränkepulver mit löslichem Bohnenkaffeeund Kaffeeweisser (mit Magermilchpulver) in Pads.","Hinweis zur Aufbewahrung: Wir empfehlen, die SENSEO® Kaffeepads nach dem Öffnen gut verschlossen an einem kühlen und trockenen Ort zu lagern und innerhalb von 2-3Wochen aufzubrauchen.","Verantwortliches Lebensmittelunternehmen:
JACOBS DOUWE EGBERTS, Oosterdoksstraat 80, NL-1011 DK Amsterdam Langemarckstraße 4-20, D-28199 Bremen","Zutatenverzeichnis: Zutaten: MAGERMILCHPULVER, Zucker, Kokosfett (ganz gehärtet), Glucosesirup, löslicher Kaffee (7%), Aroma, Stabilisator (E340, E452), Salz, MILCHPROTEIN, Trennmittel (E341, E550), Emulgator (E481).",152,36,"1,6","1,5","4,8",3,"0,7","0,06",https://www.edeka24.de/Lebensmittel/Kaffee-Tee/Kaffeepads/Senseo-Kaffeepads-Cappuccino-Caramel-8ST-92G.html,https://www.edeka24.de/out/pictures/generated/product/1/540_540_90/senseocapcara.jpg
153,Lebensmittel,Kaffee & Tee,Kaffeepads,Jacobs Kaffeepads crema 18ST 118G,"2,49 €","21,10 €/kg","inkl. MwSt., zzgl. 4.95 € Versandkosten.",lieferbar innerhalb von 2-5 Werktagen,2023-05-02 22:55:56.633707,"Röstkaffee gemahlen, Kaffeepads.",Hinweis zur Aufbewahrung: Trocken lagern und vor Wärme schützen.,"Verantwortliches Lebensmittelunternehmen:
JACOBS DOUWE EGBERTS, Oosterdoksstraat 80, NL-1011 DK Amsterdam Langemarckstraße 4-20, D-28199 Bremen",,,,,,,,,,https://www.edeka24.de/Lebensmittel/Kaffee-Tee/Kaffeepads/Jacobs-Kaffeepads-crema-18ST-118G.html,https://www.edeka24.de/out/pictures/generated/product/1/540_540_90/jacobs_kaffeepads_crema_18st_118g.jpg
154,Lebensmittel,Kaffee & Tee,Kaffeepads,Dallmayr Kaffeepads Prodomo 16ST 112G,"2,69 €","24,02 €/kg","inkl. MwSt., zzgl. 4.95 € Versandkosten.",lieferbar innerhalb von 2-5 Werktagen,2023-05-02 22:55:59.017280,Kaffee geröstet,"Hinweis zur Aufbewahrung: Geöffnete Packung gut verschlossen, kühl und trocken aufbewahren.","Verantwortliches Lebensmittelunternehmen:
Alois Dallmayr Kaffee OHG, Dienerstr. 14-15, D-80331 München",,,,,,,,,,https://www.edeka24.de/Lebensmittel/Kaffee-Tee/Kaffeepads/Dallmayr-Kaffeepads-Prodomo-16ST-112G.html,https://www.edeka24.de/out/pictures/generated/product/1/540_540_90/dallmayr_kaffeepads_prodomo.jpg
155,Lebensmittel,Kaffee & Tee,Kaffeepads,Senseo Kaffee Pads mild 32ST 222G,"5,49 €","24,73 €/kg","inkl. MwSt., zzgl. 4.95 € Versandkosten.",lieferbar innerhalb von 2-5 Werktagen,2023-05-02 22:56:00.804538,-,,"Verantwortliches Lebensmittelunternehmen:
Jacobs Douwe Egberts, NL-1011 Amsterdam",Zutatenverzeichnis: 100% Arabica.,,,,,,,,,https://www.edeka24.de/Lebensmittel/Kaffee-Tee/Kaffeepads/Senseo-Kaffee-Pads-mild-32ST-222G.html,https://www.edeka24.de/out/pictures/generated/product/1/540_540_90/senseomild32.jpg
156,Lebensmittel,Kaffee & Tee,Kaffeepads,Darboven Bio Cafe Intencion ecologico Cremoso Fairtrade 16ST 112G,"3,49 €","31,16 €/kg","inkl. MwSt., zzgl. 4.95 € Versandkosten.",lieferbar innerhalb von 2-5 Werktagen,2023-05-02 22:56:02.728171,Röstkaffee gemahlen,,"Verantwortliches Lebensmittelunternehmen:
J. J. Darboven GmbH & Co. KG, Pinkertweg 13, D-22113 Hamburg",,811,194,"13,4",5,"1,5","1,5",14,"0,03",https://www.edeka24.de/Lebensmittel/Kaffee-Tee/Kaffeepads/Darboven-Bio-Cafe-Intencion-ecologico-Cremoso-Fairtrade-16ST-112G.html,https://www.edeka24.de/out/pictures/generated/product/1/540_540_90/darbovencafeintencionecologiocremosopads.jpg
157,Lebensmittel,Kaffee & Tee,Kaffeepads,Senseo Kaffeepads strong 16ST 111G,"3,29 €","29,64 €/kg","inkl. MwSt., zzgl. 4.95 € Versandkosten.",lieferbar innerhalb von 2-5 Werktagen,2023-05-02 22:56:05.111394,Gemahlener Röstkaffee in Pads.,"Hinweis zur Aufbewahrung: Wir empfehlen, die SENSEO® Kaffeepads nach dem Öffnen gut verschlossen an einem kühlen und trockenen Ort zu lagern und innerhalb von 2-3 Wochen aufzubrauchen.","Verantwortliches Lebensmittelunternehmen:
JACOBS DOUWE EGBERTS, Oosterdoksstraat 80, NL-1011 DK Amsterdam Langemarckstraße 4-20, D-28199 Bremen",,,,,,,,,,https://www.edeka24.de/Lebensmittel/Kaffee-Tee/Kaffeepads/Senseo-Kaffeepads-strong-16ST-111G.html,https://www.edeka24.de/out/pictures/generated/product/1/540_540_90/senseostrong.jpg
158,Lebensmittel,Kaffee & Tee,Kaffeepads,Dallmayr Crema d´Oro mild & fein Kaffeepads 16ST 112G,"2,69 €","24,02 €/kg","inkl. MwSt., zzgl. 4.95 € Versandkosten.",lieferbar innerhalb von 2-5 Werktagen,2023-05-02 22:56:07.233384,Kaffee geröstet,"Hinweis zur Aufbewahrung: Geöffnete Packung gut verschlossen, kühl und trocken aufbewahren.","Verantwortliches Lebensmittelunternehmen:
Alois Dallmayr Kaffee OHG, Dienerstr. 14-15 80331 München",,,,,,,,,,https://www.edeka24.de/Lebensmittel/Kaffee-Tee/Kaffeepads/Dallmayr-Crema-d-Oro-mild-fein-Kaffeepads-16ST-112G.html,https://www.edeka24.de/out/pictures/generated/product/1/540_540_90/dallmayr_crema_doro_mild_amp_fein_kaffeepads_16st_112g.jpg
159,Lebensmittel,Kaffee & Tee,Kaffeepads,Lavazza Caffe Crema Classico Kaffeepads 18ST 125G,"3,29 €","26,32 €/kg","inkl. MwSt., zzgl. 4.95 € Versandkosten.",lieferbar innerhalb von 2-5 Werktagen,2023-05-02 22:56:10.762895,Einzelportionen gemahlener Kaffee Pads,,"Verantwortliches Lebensmittelunternehmen:
Luigi Lavazza Deutschland GmbH, Platz der Einheit 2 60327 Frankfurt/M.",,,,,,,,,,https://www.edeka24.de/Lebensmittel/Kaffee-Tee/Kaffeepads/Lavazza-Caffe-Crema-Classico-Kaffeepads-18ST-125G.html,https://www.edeka24.de/out/pictures/generated/product/1/540_540_90/lavazza_classico_kaffeepads_18st_125g.jpg
160,Lebensmittel,Kaffee & Tee,Kaffeepads,Senseo Kaffeepads extra strong 16ST 111G,"3,29 €","29,64 €/kg","inkl. MwSt., zzgl. 4.95 € Versandkosten.",lieferbar innerhalb von 2-5 Werktagen,2023-05-02 22:56:13.377326,Gemahlener Röstkaffee in Pads.,"Hinweis zur Aufbewahrung: Wir empfehlen, die SENSEO® Kaffeepads nach dem Öffnen gut verschlossen an einem kühlen und trockenen Ort zu lagern und innerhalb von 2-3 Wochen aufzubrauchen. Verantwortliches Lebensmitte","Verantwortliches Lebensmittelunternehmen:
Jacobs Douwe Egberts DE GmbH, Langemarckstraße 4 - 20, D-28199 Bremen",,,,,,,,,,https://www.edeka24.de/Lebensmittel/Kaffee-Tee/Kaffeepads/Senseo-Kaffeepads-extra-strong-16ST-111G.html,https://www.edeka24.de/out/pictures/generated/product/1/540_540_90/senseoexstro.jpg
161,Lebensmittel,Kaffee & Tee,Kaffeepads,Senseo Kaffeepads Guten Morgen XL 10ST 125G,"3,29 €","26,32 €/kg","inkl. MwSt., zzgl. 4.95 € Versandkosten.",lieferbar innerhalb von 2-5 Werktagen,2023-05-02 22:56:15.242181,Gemahlener Röstkaffee in Pads,"Hinweis zur Aufbewahrung: Wir empfehlen, die SENSEO® Kaffeepads nach dem Öffnen gut verschlossen an einem kühlen und trockenen Ort zu lagern und innerhalb von 2-3 Wochen aufzubrauchen.","Verantwortliches Lebensmittelunternehmen:
JACOBS DOUWE EGBERTS, Oosterdoksstraat 80, NL-1011 DK Amsterdam Langemarckstraße 4-20, D-28199 Bremen",,,,,,,,,,https://www.edeka24.de/Lebensmittel/Kaffee-Tee/Kaffeepads/Senseo-Kaffeepads-Guten-Morgen-XL-10ST-125G.html,https://www.edeka24.de/out/pictures/generated/product/1/540_540_90/senseogumo.jpg
163,Lebensmittel,Kaffee & Tee,Kaffeepads,Senseo Kaffeepads Cappuccino Choco 8ST 92G,"3,29 €","35,76 €/kg","inkl. MwSt., zzgl. 4.95 € Versandkosten.",lieferbar innerhalb von 2-5 Werktagen,2023-05-02 22:56:18.971332,"Aromatisiertes, gesüsstes Getränkepulver mit löslichem Bohnenkaffee und Kakao (mit Magermilchpulver) in Pads.","Hinweis zur Aufbewahrung: Wir empfehlen, die SENSEO® Kaffeepads nach dem Öffnen gut verschlossen an einem kühlen und trockenen Ort zu lagern und innerhalb von 2-3 Wochen aufzubrauchen.","Verantwortliches Lebensmittelunternehmen:
JACOBS DOUWE EGBERTS, Oosterdoksstraat 80, NL-1011 DK Amsterdam Langemarckstraße 4-20, D-28199 Bremen","Zutatenverzeichnis: Zutaten: Zucker, fettarmes Kakaopulver (12,3%), löslicher Kaffee (9,8%), Kokosfett (ganz gehärtet), Glukosesirup, MAGERMILCHPULVER, Aroma, MILCHPROTEIN, Salz, Stabilisatoren (E452, E340), Trennmittel (E341, E551), Emulgator (E481).",133,32,"0,8","0,7","5,5","5,3","0,6","0,06",https://www.edeka24.de/Lebensmittel/Kaffee-Tee/Kaffeepads/Senseo-Kaffeepads-Cappuccino-Choco-8ST-92G.html,https://www.edeka24.de/out/pictures/generated/product/1/540_540_90/senseocapchoc.jpg
164,Lebensmittel,Kaffee & Tee,Kaffeekapseln,Tassimo Milka Kakaogetränk 8ST 220G,"6,49 €","27,04 €/kg","inkl. MwSt., zzgl. 4.95 € Versandkosten.",lieferbar innerhalb von 2-5 Werktagen,2023-05-02 22:56:22.334174,Kakaogetränkezubereitung mit Magermilchpulver und Zucker.,Hinweis zur Aufbewahrung: Trocken lagern und vor Wärme schützen.,"Verantwortliches Lebensmittelunternehmen:
JACOBS DOUWE EGBERTS DE GmbH, Oosterdoksstraat 80, NL-1011 DK Amsterdam Langemarckstraße 4-20, D-28199 Bremen","Zutatenverzeichnis: Zucker, MAGERMILCHPULVER (22%), VOLLMILCHPULVER, mageres Kakaopulver (9%), Glukosesirup, Süßmolkenpulver (aus MILCH), Kokosfett (ganz gehärtet), Salz, Aromen, MILCHPROTEIN, Stabilisator (E340), Trennmittel (E551), Emulgatoren (E471, E433, SOJALECITHIN).",225,53,1,"0,8","9,1","8,2","1,7","0,16",https://www.edeka24.de/Lebensmittel/Kaffee-Tee/Kaffeekapseln/Tassimo-Milka-Kakaogetraenk-8ST-220G.html,https://www.edeka24.de/out/pictures/generated/product/1/540_540_90/jactassmilka.jpg
165,Lebensmittel,Kaffee & Tee,Kaffeekapseln,Jacobs Espresso 10 Intenso Kaffekapseln 20ST 104G,"4,49 €","43,17 €/kg","inkl. MwSt., zzgl. 4.95 € Versandkosten.",lieferbar innerhalb von 2-5 Werktagen,2023-05-02 22:56:24.574889,Gemahlener Röstkaffee in Kapseln. Nespresso kompatibel.,Hinweis zur Aufbewahrung: an einem trockenen Ort aufbewahren,"Verantwortliches Lebensmittelunternehmen:
JACOBS DOUWE EGBERTS, Oosterdoksstraat 80, NL-1011 DK Amsterdam Langemarckstraße 4-20, D-28199 Bremen",,,,,,,,,,https://www.edeka24.de/Lebensmittel/Kaffee-Tee/Kaffeekapseln/Jacobs-Espresso-10-Intenso-Kaffekapseln-20ST-104G.html,https://www.edeka24.de/out/pictures/generated/product/1/540_540_90/jacespressintens.jpg
166,Lebensmittel,Kaffee & Tee,Kaffeekapseln,Nescafé Dolce Gusto Café au Lait Kapseln 16ST 160G,"5,79 €","36,19 €/kg","inkl. MwSt., zzgl. 4.95 € Versandkosten.",lieferbar innerhalb von 2-5 Werktagen,2023-05-02 22:56:27.357544,Vollmilchpulver mit löslichem Kaffee.,"Hinweis zur Aufbewahrung: Sauber, trocken und bei Raumtemperatur lagern.","Verantwortliches Lebensmittelunternehmen:
Nestlé Deutschland AG, Lyoner Str. 23, D-60528 Frankfurt/Main","Zutatenverzeichnis: Dunkle Kapsel: VOLLMILCHPULVER (73,7%), löslicher Kaffee (24%), Stabilisatoren (Dikaliumphosphat, Trinatriumcitrat), Emulgator (SOJALECITHINE)",92,22,"1,1","0,7","1,6","1,6","1,2","0,06",https://www.edeka24.de/Lebensmittel/Kaffee-Tee/Kaffeekapseln/Nescaf-Dolce-Gusto-Caf-au-Lait-Kapseln-16ST-160G.html,https://www.edeka24.de/out/pictures/generated/product/1/540_540_90/dgcafaulait.jpg
167,Lebensmittel,Kaffee & Tee,Kaffeekapseln,Dallmayr Capsa Lungo Azzurro Intensität 8 Kaffeekapseln 10ST 56G,"3,49 €","62,32 €/kg","inkl. MwSt., zzgl. 4.95 € Versandkosten.",lieferbar innerhalb von 2-5 Werktagen,2023-05-02 22:56:29.547612,"Gerösteter Kaffee, gemahlen, in Kapseln unter Schutzatmosphäre verpackt. Nespresso kompatibel.",,"Verantwortliches Lebensmittelunternehmen:
Alois Dallmayr Kaffee OHG, Dienerstr. 14-15, D-80331 München",,180,749,13,"5,9",24,"1,5",9,"0,03",https://www.edeka24.de/Lebensmittel/Kaffee-Tee/Kaffeekapseln/Dallmayr-Capsa-Lungo-Azzurro-Intensitaet-8-Kaffeekapseln-10ST-56G.html,https://www.edeka24.de/out/pictures/generated/product/1/540_540_90/dallcapsazzu.jpg
168,Lebensmittel,Kaffee & Tee,Kaffeekapseln,Jacobs Lungo 6 Classico Kaffekapseln 20ST 104G,"4,49 €","43,17 €/kg","inkl. MwSt., zzgl. 4.95 € Versandkosten.",lieferbar innerhalb von 2-5 Werktagen,2023-05-02 22:56:31.783340,Gemahlener Röstkaffee in Kapseln. Nespresso kompatibel.,Hinweis zur Aufbewahrung: An einem trockenen Ort aufbewahren.,"Verantwortliches Lebensmittelunternehmen:
JACOBS DOUWE EGBERTS, Oosterdoksstraat 80, NL-1011 DK Amsterdam Langemarckstraße 4-20, D-28199 Bremen",,,,,,,,,,https://www.edeka24.de/Lebensmittel/Kaffee-Tee/Kaffeekapseln/Jacobs-Lungo-6-Classico-Kaffekapseln-20ST-104G.html,https://www.edeka24.de/out/pictures/generated/product/1/540_540_90/jaclungoclass.jpg
169,Lebensmittel,Kaffee & Tee,Kaffeekapseln,Dallmayr Capsa Lungo Belluno Intensität 5 Kaffeekapseln 10ST 56G MHD 05.2023,"2,50 €","44,64 €/kg","inkl. MwSt., zzgl. 4.95 € Versandkosten.",lieferbar innerhalb von 2-5 Werktagen,2023-05-02 22:56:33.446410,Röstkaffee gemahlen in Kapseln. Nespresso kompatibel.,,"Verantwortliches Lebensmittelunternehmen:
Alois Dallmayr Kaffee OHG, Dienerstr. 14-15, D-80331 München",,180,749,13,"5,9",24,"1,5",9,"0,03",https://www.edeka24.de/Lebensmittel/Kaffee-Tee/Kaffeekapseln/Dallmayr-Capsa-Lungo-Belluno-Intensitaet-5-Kaffeekapseln-10ST-56G-MHD-05-2023.html,https://www.edeka24.de/out/pictures/generated/product/1/540_540_90/dallcapslungbell.jpg
170,Lebensmittel,Kaffee & Tee,Kaffeekapseln,Tassimo Jacobs Latte Macchiato Classico 8ST 264G,"6,49 €","24,58 €/kg","inkl. MwSt., zzgl. 4.95 € Versandkosten.",lieferbar innerhalb von 2-5 Werktagen,2023-05-02 22:56:35.564542,-,"Hinweis zur Aufbewahrung: Trocken, dunkel lagern und vor Wärme schützen.","Verantwortliches Lebensmittelunternehmen:
Jacobs Douwe Egberts DE GmbH, Langemarckstraße 4 - 20, D-28199 Bremen","Zutatenverzeichnis: Gemahlener Röstkaffee. MILCHKOMPOSITION: SAHNEERZEUGNIS (65%), Zucker (25%), MILCHPROTEINE, Wasser, MILCHMINERALIEN, Salz, Verdickungsmittel (E414), Säureregulator (E331).",39,164,"2,8","1,9","3,1","3,1","0,3","0,16",https://www.edeka24.de/Lebensmittel/Kaffee-Tee/Kaffeekapseln/Tassimo-Jacobs-Latte-Macchiato-Classico-8ST-264G.html,https://www.edeka24.de/out/pictures/generated/product/1/540_540_90/jactasslatmac.jpg
171,Lebensmittel,Kaffee & Tee,Kaffeekapseln,Dallmayr Capsa Espresso Ristretto Intensität 10 Kaffeekapseln 10ST 56G,"3,49 €","62,32 €/kg","inkl. MwSt., zzgl. 4.95 € Versandkosten.",lieferbar innerhalb von 2-5 Werktagen,2023-05-02 22:56:37.780155,Kaffee geröstet in Kapseln. Nespresso kompatibel.,,"Verantwortliches Lebensmittelunternehmen:
Alois Dallmayr Kaffee OHG, Dienerstr. 14-15, D-80331 München",,749,180,13,"5,9",24,"1,5",9,"0,03",https://www.edeka24.de/Lebensmittel/Kaffee-Tee/Kaffeekapseln/Dallmayr-Capsa-Espresso-Ristretto-Intensitaet-10-Kaffeekapseln-10ST-56G.html,https://www.edeka24.de/out/pictures/generated/product/1/540_540_90/dallcapsris.jpg
172,Lebensmittel,Kaffee & Tee,Kaffeekapseln,Tassimo Jacobs Krönung XL 16ST 144G,"6,49 €","45,07 €/kg","inkl. MwSt., zzgl. 4.95 € Versandkosten.",lieferbar innerhalb von 2-5 Werktagen,2023-05-02 22:56:39.963189,gemahlener Röstkaffee,Hinweis zur Aufbewahrung: Trocken lagern und vor Wärme schützen.,"Verantwortliches Lebensmittelunternehmen:
Jacobs Douwe Egberts DE GmbH, Langemarckstraße 4 - 20, D-28199 Bremen",Zutatenverzeichnis: Unter Schutzatmosphäre verpackt.,,,,,,,,,https://www.edeka24.de/Lebensmittel/Kaffee-Tee/Kaffeekapseln/Tassimo-Jacobs-Kroenung-XL-16ST-144G.html,https://www.edeka24.de/out/pictures/generated/product/1/540_540_90/jactasskrn.jpg
173,Lebensmittel,Kaffee & Tee,Kaffeekapseln,"Nescafé Dolce Gusto Kapseln Latte Macchiato 8ST 183,2G","5,79 €","31,60 €/kg","inkl. MwSt., zzgl. 4.95 € Versandkosten.",lieferbar innerhalb von 2-5 Werktagen,2023-05-02 22:56:42.000117,Gemahlener Röstkaffee und Vollmilchpulver mit Zucker,"Hinweis zur Aufbewahrung: Sauber, trocken und bei Raumtemperatur lagern.","Verantwortliches Lebensmittelunternehmen:
Nestlé Deutschland AG, 60528 Frankfurt/Main","Zutatenverzeichnis: Weiße Kapsel: VOLLMILCHPULVER (89,9%), Zucker (10,1%). Kann enthalten: SOJA. Dunkle Kapsel: Gemahlener Röstkaffee.",1871,448,"20,8","11,8","37,5","35,5","19,6","0,49",https://www.edeka24.de/Lebensmittel/Kaffee-Tee/Kaffeekapseln/Nescaf-Dolce-Gusto-Kapseln-Latte-Macchiato-8ST-183-2G.html,https://www.edeka24.de/out/pictures/generated/product/1/540_540_90/nescafe_dolce_gusto_kapseln_latte_macchiato_88st_1832g.jpg
175,Lebensmittel,Kaffee & Tee,Kaffeekapseln,Café Royal Schüümli Kaffeekapseln 10ST 52G,"3,49 €","67,12 €/kg","inkl. MwSt., zzgl. 4.95 € Versandkosten.",lieferbar innerhalb von 2-5 Werktagen,2023-05-02 22:56:47.113888,Röstkaffee gemahlen in Kapseln. Nespresso kompatibel.,,"Verantwortliches Lebensmittelunternehmen:
Swiss Consumer Goods SCG GmbH, D-64625 Bensheim",,,,,,,,,,https://www.edeka24.de/Lebensmittel/Kaffee-Tee/Kaffeekapseln/Caf-Royal-Schueuemli-Kaffeekapseln-10ST-52G.html,https://www.edeka24.de/out/pictures/generated/product/1/540_540_90/cflungoschmlikapsel.jpg
176,Lebensmittel,Kaffee & Tee,Kaffeekapseln,Nescafé Farmers Origins Africas Ristretto 10ST 55G,"2,70 €","49,09 €/kg","inkl. MwSt., zzgl. 4.95 € Versandkosten.",lieferbar innerhalb von 2-5 Werktagen,2023-05-02 22:56:48.999041,Gerösteter und gemahlener Kaffee für dass Nespresso System.,,"Verantwortliches Lebensmittelunternehmen:
Nestlé Deutschland AG, 60523 Frankfurt/Main",,,,,,,,,,https://www.edeka24.de/Lebensmittel/Kaffee-Tee/Kaffeekapseln/Nescaf-Farmers-Origins-Africas-Ristretto-10ST-55G.html,https://www.edeka24.de/out/pictures/generated/product/1/540_540_90/nescafeafricas.jpg
177,Lebensmittel,Kaffee & Tee,Kaffeekapseln,Tassimo Jacobs Caffé Crema Classico 16ST 112G,"6,49 €","57,95 €/kg","inkl. MwSt., zzgl. 4.95 € Versandkosten.",lieferbar innerhalb von 2-5 Werktagen,2023-05-02 22:56:51.196836,gemahlener Röstkaffee,Hinweis zur Aufbewahrung: Trocken lagern und vor Wärme schützen.,"Verantwortliches Lebensmittelunternehmen:
Jacobs Douwe Egberts DE GmbH, Langemarckstraße 4 - 20, D-28199 Bremen",Zutatenverzeichnis: Unter Schutzatmosphäre verpackt.,,,,,,,,,https://www.edeka24.de/Lebensmittel/Kaffee-Tee/Kaffeekapseln/Tassimo-Jacobs-Caff-Crema-Classico-16ST-112G.html,https://www.edeka24.de/out/pictures/generated/product/1/540_540_90/jactasscafcrem.jpg
178,Lebensmittel,Kaffee & Tee,Kaffeekapseln,Jacobs Lungo 8 Intenso Kaffeekapseln 20ST 104G,"4,49 €","43,17 €/kg","inkl. MwSt., zzgl. 4.95 € Versandkosten.",lieferbar innerhalb von 2-5 Werktagen,2023-05-02 22:56:54.856129,Gemahlener Röstkaffee in Kapseln. Nespresso kompatibel.,Hinweis zur Aufbewahrung: An einem trockenen Ort aufbewahren.,"Verantwortliches Lebensmittelunternehmen:
JACOBS DOUWE EGBERTS, Oosterdoksstraat 80, NL-1011 DK Amsterdam Langemarckstraße 4-20, D-28199 Bremen",,,,,,,,,,https://www.edeka24.de/Lebensmittel/Kaffee-Tee/Kaffeekapseln/Jacobs-Lungo-8-Intenso-Kaffeekapseln-20ST-104G.html,https://www.edeka24.de/out/pictures/generated/product/1/540_540_90/jaclungointenso.jpg
179,Lebensmittel,Kaffee & Tee,Kaffeekapseln,Nescafé Dolce Gusto Caffé Crema Grande Kapseln 16ST 128G,"5,79 €","45,23 €/kg","inkl. MwSt., zzgl. 4.95 € Versandkosten.",lieferbar innerhalb von 2-5 Werktagen,2023-05-02 22:56:59.332920,Gemahlener Röstkaffee.,"Hinweis zur Aufbewahrung: Sauber, trocken und bei Raumtemperatur lagern.","Verantwortliches Lebensmittelunternehmen:
Nestlé Deutschland AG, Lyoner Str. 23, D-60528 Frankfurt/Main",,1094,267,"17,1","7,6","0,2","0,2","38,7","0,1",https://www.edeka24.de/Lebensmittel/Kaffee-Tee/Kaffeekapseln/Nescaf-Dolce-Gusto-Caff-Crema-Grande-Kapseln-16ST-128G.html,https://www.edeka24.de/out/pictures/generated/product/1/540_540_90/nescaf_dolce_gusto_caff_crema_grande_kapseln_16st_128g.jpg
180,Lebensmittel,Kaffee & Tee,Kaffeekapseln,Tassimo Jacobs Caffè Crema mild XL 16ST 128G,"6,49 €","50,70 €/kg","inkl. MwSt., zzgl. 4.95 € Versandkosten.",lieferbar innerhalb von 2-5 Werktagen,2023-05-02 22:57:03.187024,Gemahlener Röstkaffee.,Hinweis zur Aufbewahrung: Trocken lagern und vor Wärme schützen.,"Verantwortliches Lebensmittelunternehmen:
Jacobs Douwe Egberts DE GmbH, Langemarckstraße 4 - 20, D-28199 Bremen",Zutatenverzeichnis: Gemahlener Röstkaffee.,,,,,,,,,https://www.edeka24.de/Lebensmittel/Kaffee-Tee/Kaffeekapseln/Tassimo-Jacobs-Caff-Crema-mild-XL-16ST-128G.html,https://www.edeka24.de/out/pictures/generated/product/1/540_540_90/jactasscafcremmild.jpg
181,Lebensmittel,Kaffee & Tee,Kaffeekapseln,Nescafé Dolce Gusto Dallmayr Prodomo Kapseln 16ST 112G,"5,79 €","51,70 €/kg","inkl. MwSt., zzgl. 4.95 € Versandkosten.",lieferbar innerhalb von 2-5 Werktagen,2023-05-02 22:57:07.323671,Gemahlener Röstkaffee in Kapseln. Nescafé Dolce Gusto kompatibel.,"Hinweis zur Aufbewahrung: Sauber, trocken und bei Raumtemperatur lagern.","Verantwortliches Lebensmittelunternehmen:
Nestlé Deutschland AG, Lyoner Str. 23, D-60528 Frankfurt/Main",Zutatenverzeichnis: gemahlener Röstkaffee,267,1094,"17,1","7,6","0,2","0,2","8,1","0,01",https://www.edeka24.de/Lebensmittel/Kaffee-Tee/Kaffeekapseln/Nescaf-Dolce-Gusto-Dallmayr-Prodomo-Kapseln-16ST-112G.html,https://www.edeka24.de/out/pictures/generated/product/1/540_540_90/dallprodkaps.jpg
182,Lebensmittel,Kaffee & Tee,Kaffeekapseln,Café Royal Lungo Forte Kaffeekapseln 36ST 198G,"9,49 €","47,93 €/kg","inkl. MwSt., zzgl. 4.95 € Versandkosten.",lieferbar innerhalb von 2-5 Werktagen,2023-05-02 22:57:09.992716,Röstkaffee gemahlen in Kapseln. Nespresso kompatibel.,Hinweis zur Aufbewahrung: Vor Wärme schützen.,"Verantwortliches Lebensmittelunternehmen:
Delica AG, Hafenstrasse 120, CH-4127 Birsfelden",,,,,,,,,,https://www.edeka24.de/Lebensmittel/Kaffee-Tee/Kaffeekapseln/Caf-Royal-Lungo-Forte-Kaffeekapseln-36ST-198G.html,https://www.edeka24.de/out/pictures/generated/product/1/540_540_90/cflungofortexxlkapsel.jpg
183,Lebensmittel,Kaffee & Tee,Kaffeekapseln,Café Royal Hazelnut Kaffeekapseln 10ST 50G,"3,49 €","69,80 €/kg","inkl. MwSt., zzgl. 4.95 € Versandkosten.",lieferbar innerhalb von 2-5 Werktagen,2023-05-02 22:57:12.623412,"Röstkaffee, gemahlen, aromatisiert, in Kapseln. Nespresso kompatibel.",,"Verantwortliches Lebensmittelunternehmen:
Swiss Consumer Goods SCG GmbH, D-64625 Bensheim","Zutatenverzeichnis: Röstkaffee, Aroma",,,,,,,,,https://www.edeka24.de/Lebensmittel/Kaffee-Tee/Kaffeekapseln/Caf-Royal-Hazelnut-Kaffeekapseln-10ST-50G.html,https://www.edeka24.de/out/pictures/generated/product/1/540_540_90/cfhazelnutkapsel.jpg
184,Lebensmittel,Kaffee & Tee,Kaffeekapseln,"Tassimo Jacobs Kaffee Espresso Classico 16ST 118,4G","6,49 €","54,81 €/kg","inkl. MwSt., zzgl. 4.95 € Versandkosten.",lieferbar innerhalb von 2-5 Werktagen,2023-05-02 22:57:15.213274,gemahlener Röstkaffee,Hinweis zur Aufbewahrung: Trocken lagern und vor Wärme schützen.,"Verantwortliches Lebensmittelunternehmen:
JACOBS DOUWE EGBERTS Oosterdoksstraat 80, 1011 DK Amsterdam, The Netherlands",Zutatenverzeichnis: Unter Schutzatmosphäre verpackt.,,,,,,,,,https://www.edeka24.de/Lebensmittel/Kaffee-Tee/Kaffeekapseln/Tassimo-Jacobs-Kaffee-Espresso-Classico-16ST-118-4G.html,https://www.edeka24.de/out/pictures/generated/product/1/540_540_90/jactassesprclass.jpg
185,Lebensmittel,Kaffee & Tee,Cappuccino-Kakao,Kaba Erdbeer Nachfüllbeutel 400G,"3,29 €","8,23 €/kg","inkl. MwSt., zzgl. 4.95 € Versandkosten.",lieferbar innerhalb von 2-5 Werktagen,2023-05-02 22:57:17.688280,Lösliches Getränkepulver mit Erdbeergeschmack für Milchmixgetränke.,Hinweis zur Aufbewahrung: Trocken lagern und vor Wärme schützen.,"Verantwortliches Lebensmittelunternehmen:
Carambar and Co., 9 rue Maurice Mallet, 92130 Issy-les-Moulineaux, FRANCE","Zutatenverzeichnis: Traubenzucker (66%), Zucker, Maltodextrin, Farbstoff (Beetenrot), Erdbeeraromen, Niacin, Vitamin B6, Vitamin B1, Vitamin B12, Folsäure",370,1580,0,0,93,"88,5",0,0,https://www.edeka24.de/Lebensmittel/Kaffee-Tee/Cappuccino-Kakao/Kaba-Erdbeer-Nachfuellbeutel-400G.html,https://www.edeka24.de/out/pictures/generated/product/1/540_540_90/kaba_erdbeer_400g.jpg
186,Lebensmittel,Kaffee & Tee,Cappuccino-Kakao,Krüger Family Cappuccino White-Vanille im Nachfüllbeutel 500G,"4,79 €","9,58 €/kg","inkl. MwSt., zzgl. 4.95 € Versandkosten.",lieferbar innerhalb von 2-5 Werktagen,2023-05-02 22:57:20.099910,"Aromatisiertes Getränkepulver mit löslichem Bohnenkaffee (3,5%).",Hinweis zur Aufbewahrung: Trocken lagern. Nach dem Öffnen innerhalb von 4 Wochen aufbrauchen.,"Verantwortliches Lebensmittelunternehmen:
Krüger GmbH & Co. KG, 51469 Bergisch Gladbach Germany","Zutatenverzeichnis: Zucker, SÜSSMOLKENPULVER, Kokosöl, Glukosesirup, löslicher Bohnenkaffee (3,5 %), MAGERMILCHPULVER, LAKTOSE, natürliche Aromen, Salz, Stabilisator E452, MILCHEIWEISS, Trennmittel E341, Stabilisator E340, Stabilisator E339, Emulgator E472e, Emulgator E471.",1721,408,"9,3","8,5","75,6","69,7","4,8","1,74",https://www.edeka24.de/Lebensmittel/Kaffee-Tee/Cappuccino-Kakao/Krueger-Family-Cappuccino-White-Vanille-im-Nachfuellbeutel-500G.html,https://www.edeka24.de/out/pictures/generated/product/1/540_540_90/krgerfamilycappuccinowhite-vanille.jpg
187,Lebensmittel,Kaffee & Tee,Cappuccino-Kakao,Krüger Family Cappuccino Schoko im Nachfüllbeutel 500G,"4,79 €","9,58 €/kg","inkl. MwSt., zzgl. 4.95 € Versandkosten.",lieferbar innerhalb von 2-5 Werktagen,2023-05-02 22:57:22.709272,"Aromatisiertes Getränkepulver mit löslichem Bohnenkaffee (7,5%).",Hinweis zur Aufbewahrung: Trocken lagern. Nach dem Öffnen innerhalb von 4 Wochen aufbrauchen.,"Verantwortliches Lebensmittelunternehmen:
Krüger GmbH & Co. KG, 51469 Bergisch Gladbach Germany","Zutatenverzeichnis: Zucker, SüßMOLKENpulver, löslicher Bohnenkaffee (7,5 %), Kokosöl, stark entöltes Kakaopulver (3 %), MagerMILCHpulver, Salz, Stabilisator E339.",372,1574,"3,6","3,1","78,4","78,1","4,9","1,59",https://www.edeka24.de/Lebensmittel/Kaffee-Tee/Cappuccino-Kakao/Krueger-Family-Cappuccino-Schoko-im-Nachfuellbeutel-500G.html,https://www.edeka24.de/out/pictures/generated/product/1/540_540_90/krgerfamilycappuccinoschoko.jpg
188,Lebensmittel,Kaffee & Tee,Cappuccino-Kakao,Krüger Family Cappuccino Caramel-Krokant im Nachfüllbeutel 500G,"4,79 €","9,58 €/kg","inkl. MwSt., zzgl. 4.95 € Versandkosten.",lieferbar innerhalb von 2-5 Werktagen,2023-05-02 22:57:25.073561,"Aromatisiertes Getränkepulver mit löslichem Bohnenkaffee (3,5 %).",Hinweis zur Aufbewahrung: Trocken lagern. Nach dem Öffnen innerhalb von 4 Wochen aufbrauchen.,"Verantwortliches Lebensmittelunternehmen:
Krüger GmbH & Co. KG, 51469 Bergisch Gladbach Germany","Zutatenverzeichnis: Zucker, SÜSSMOLKENPULVER, Kokosöl, löslicher Bohnenkaffee (3,5 %), stark entöltes Kakaopulver, Glukosesirup, Aromen (enthalten MILCH), MAGERMILCHPULVER, LAKTOSE, Salz, Stabilisator E452, Stabilisator E339, MILCHEIWEISS, Trennmittel E341, Stabilisator E340, Emulgator E471, Emulgator E472e.",387,1638,"5,4","4,8",78,"75,2","5,3",1,https://www.edeka24.de/Lebensmittel/Kaffee-Tee/Cappuccino-Kakao/Krueger-Family-Cappuccino-Caramel-Krokant-im-Nachfuellbeutel-500G.html,https://www.edeka24.de/out/pictures/generated/product/1/540_540_90/krgerfamilycappuccinocaramel-krokant.jpg
189,Lebensmittel,Kaffee & Tee,Cappuccino-Kakao,Krüger Family Cappuccino Classico im Nachfüllbeutel 500G,"4,79 €","9,58 €/kg","inkl. MwSt., zzgl. 4.95 € Versandkosten.",lieferbar innerhalb von 2-5 Werktagen,2023-05-02 22:57:27.463608,Aromatisiertes Getränkepulver mit löslichem Bohnenkaffee (6%).,Hinweis zur Aufbewahrung: Trocken lagern. Nach dem Öffnen innerhalb von 4 Wochen aufbrauchen.,"Verantwortliches Lebensmittelunternehmen:
Krüger GmbH & Co. KG, 51469 Bergisch Gladbach Germany","Zutatenverzeichnis: SÜSSMOLKENPULVER, Zucker, löslicher Bohnenkaffee (6 %), Kokosöl, MAGERMILCHPULVER, Glukosesirup, Salz, LAKTOSE, Stabilisator E339, natürliches Aroma, Stabilisator E452, MILCHEIWEISS, Stabilisator E340, Trennmittel E341, Emulgator E471, Emulgator E472e.",377,1592,"6,1","5,5","71,8","70,7","7,4","1,99",https://www.edeka24.de/Lebensmittel/Kaffee-Tee/Cappuccino-Kakao/Krueger-Family-Cappuccino-Classico-im-Nachfuellbeutel-500G.html,https://www.edeka24.de/out/pictures/generated/product/1/540_540_90/krgerfamilycappuccinoclassico.jpg
190,Lebensmittel,Kaffee & Tee,Cappuccino-Kakao,vehappy Cappuccino Vegan Klassik 8x16G,"2,59 €","20,23 €/kg","inkl. MwSt., zzgl. 4.95 € Versandkosten.",lieferbar innerhalb von 2-5 Werktagen,2023-05-02 22:57:32.505265,-,,,,1838,436,12,11,78,44,"2,7","0,55",https://www.edeka24.de/Lebensmittel/Kaffee-Tee/Cappuccino-Kakao/vehappy-Cappuccino-Vegan-Klassik-8x16G.html,https://www.edeka24.de/out/pictures/generated/product/1/540_540_90/vehappy_cappuccino_vegan_klassik_8x16g.jpg
191,Lebensmittel,Kaffee & Tee,Cappuccino-Kakao,Jacobs Kaffee Instant Cappuccino 400G,"4,29 €","10,73 €/kg","inkl. MwSt., zzgl. 4.95 € Versandkosten.",lieferbar innerhalb von 2-5 Werktagen,2023-05-02 22:57:35.063044,"Aromatisiertes Getränkepulver mit löslichem Bohnenkaffee, Kaffeeweißer und Zucker.",Hinweis zur Aufbewahrung: Kühl und trocken lagern.,"Verantwortliches Lebensmittelunternehmen:
JACOBS DOUWE EGBERTS, Oosterdoksstraat 80, NL-1011 DK Amsterdam Langemarckstraße 4-20, D-28199 Bremen","Zutatenverzeichnis: Zucker, Glucosesirup, Kokosfett (ganz gehärtet), MILCHZUCKER, Molkenerzeugnisse (aus MILCH), löslicher Bohnenkaffee (6,5%), MAGERMILCHPULVER, Stabilisator (E340), Aroma.",415,1765,11,"10,5",76,55,"4,2","0,8",https://www.edeka24.de/Lebensmittel/Kaffee-Tee/Cappuccino-Kakao/Jacobs-Kaffee-Instant-Cappuccino-400G.html,https://www.edeka24.de/out/pictures/generated/product/1/540_540_90/jacobs_kaffee_instant_cappuccino_400g.jpg
192,Lebensmittel,Kaffee & Tee,Cappuccino-Kakao,Krüger Cappuccino mit feiner Schokonote 1KG,"8,99 €","8,99 €/kg","inkl. MwSt., zzgl. 4.95 € Versandkosten.",lieferbar innerhalb von 2-5 Werktagen,2023-05-02 22:57:38.539040,Aromatisiertes Getränkepulver mit löslichem Bohnenkaffee.,Hinweis zur Aufbewahrung: Trocken lagern.,"Verantwortliches Lebensmittelunternehmen:
Krüger GmbH & Co. KG, Senefelderstr. 44 D-51469 Bergisch Gladbach","Zutatenverzeichnis: Zucker, MOLKENPULVER, Glukosesirup, Pflanzenfett (Kokosnuss), Kaffee-Extrakt (5 %), stark entöltes Kakaopulver (2,7 %), Trennmittel E 341, Stabilisator E 340, MILCHEIWEIß, Emulgatoren (E 471, E 472e), Aroma, Farbstoff Beta-Carotin.",421,1776,"10,3","9,3","76,8","59,8","4,5","0,75",https://www.edeka24.de/Lebensmittel/Kaffee-Tee/Cappuccino-Kakao/Krueger-Cappuccino-mit-feiner-Schokonote-1KG.html,https://www.edeka24.de/out/pictures/generated/product/1/540_540_90/krger_cappuccino_mit_feiner_schokonote.jpg
193,Lebensmittel,Kaffee & Tee,Cappuccino-Kakao,Alnatura Bio Trink Kakao 400G,"3,29 €","8,23 €/kg","inkl. MwSt., zzgl. 4.95 € Versandkosten.",lieferbar innerhalb von 2-5 Werktagen,2023-05-02 22:57:41.993044,"Bio Schokoladenpulver, Kakao: 38 % mindestens",Hinweis zur Aufbewahrung: Bitte trocken lagern und vor Wärme schützen.,"Verantwortliches Lebensmittelunternehmen:
Alnatura GmbH, Mahatma-Gandhi-Straße 7, 64295 Darmstadt","Zutatenverzeichnis: Rohrohrzucker* 60%, Kakaopulver* 40 %, Säureregulator: Kaliumcarbonat *aus biologischer Landwirtschaft . Kann Spuren von MILCH enthalten.",1671,397,"8,4","5,3",65,60,"8,9","0,02",https://www.edeka24.de/Lebensmittel/Kaffee-Tee/Cappuccino-Kakao/Alnatura-Bio-Trink-Kakao-400G.html,https://www.edeka24.de/out/pictures/generated/product/1/540_540_90/alnatura_bio_trink_kakao_400_g.jpg
194,Lebensmittel,Kaffee & Tee,Cappuccino-Kakao,Jacobs Momente Choco Cappuccino Nachfüllbeutel 500G,"4,29 €","8,58 €/kg","inkl. MwSt., zzgl. 4.95 € Versandkosten.",lieferbar innerhalb von 2-5 Werktagen,2023-05-02 22:57:45.375960,"Aromatisiertes Getränkepulver mit Schokoladenpulver, Kaffeeweißer und löslichem Bohnenkaffee.",Hinweis zur Aufbewahrung: Kühl und trocken lagern.,"Verantwortliches Lebensmittelunternehmen:
JACOBS DOUWE EGBERTS, Oosterdoksstraat 80, NL-1011 DK Amsterdam Langemarckstraße 4-20, D-28199 Bremen","Zutatenverzeichnis: Schokoladenpulver (37,5%) [Zucker, Kakaopulver(12%)], Zucker, Glucosesirup, Kokosfett (ganz gehärtet), MILCHZUCKER, Molkenerzeugnisse (aus MILCH), löslicher Bohnenkaffee (3,5%), MAGERMILCHPULVER, Stabilisatoren (E340, E452), Aroma, Salz, MILCHEIWEISS, Trennmittel (E551), Emulgator (E471), Farbstoff (Beta-Carotin).",405,1715,"10,5","9,2","73,5",57,"4,4","1,18",https://www.edeka24.de/Lebensmittel/Kaffee-Tee/Cappuccino-Kakao/Jacobs-Momente-Choco-Cappuccino-Nachfuellbeutel-500G.html,https://www.edeka24.de/out/pictures/generated/product/1/540_540_90/8711000524589.jpg
195,Lebensmittel,Kaffee & Tee,Cappuccino-Kakao,Nestle Nesquik Kakao 250G,"2,49 €","9,96 €/kg","inkl. MwSt., zzgl. 4.95 € Versandkosten.",lieferbar innerhalb von 2-5 Werktagen,2023-05-02 22:57:48.813996,Kakaogetränkepulver,Hinweis zur Aufbewahrung: Trocken lagern. Vor Wärme schützen.,"Verantwortliches Lebensmittelunternehmen:
Nestlé Deutschland AG, 60523 Frankfurt am Main","Zutatenverzeichnis: Zucker, 20,6 % fettarmer Kakao, Traubenzucker, Emulgator SOJALECITHINE, Salz, Vitamine [Vitamin C, Vitamin E, Niacin, Pantothensäure, Vitamin B1 (Thiamin), Vitamin B6, Folsäure], Aroma Vanillin.",1587,375,"3,1","1,5","78,2","76,2","4,5","0,42",https://www.edeka24.de/Lebensmittel/Kaffee-Tee/Cappuccino-Kakao/Nestle-Nesquik-Kakao-250G.html,https://www.edeka24.de/out/pictures/generated/product/1/540_540_90/nestelenesquick250g.jpg
196,Lebensmittel,Kaffee & Tee,Cappuccino-Kakao,EDEKA Bio Trinkschokolade 40% Kakao 220G,"3,29 €","14,95 €/kg","inkl. MwSt., zzgl. 4.95 € Versandkosten.",lieferbar innerhalb von 2-5 Werktagen,2023-05-02 22:57:51.197135,Bio-Trinkschokoladenpulver Kakao: 40% mindestens,Hinweis zur Aufbewahrung: Kühl und trocken lagern.,"Verantwortliches Lebensmittelunternehmen:
EDEKA ZENTRALE Stiftung & Co. KG, D-22291 Hamburg","Zutatenverzeichnis: Rohrzucker*, 40% Kakaopulver*. Das Produkt kann Spuren von MILCH enthalten. *aus kontrolliert ökologischer Landwirtschaft und Fairtrade",1694,402,"8,8","5,3",66,58,"9,3",0,https://www.edeka24.de/Lebensmittel/Kaffee-Tee/Cappuccino-Kakao/EDEKA-Bio-Trinkschokolade-40-Kakao-220G.html,https://www.edeka24.de/out/pictures/generated/product/1/540_540_90/bio_edeka_trinkschokolade_vollmilch_220g.jpg
197,Lebensmittel,Kaffee & Tee,Cappuccino-Kakao,Nestle Nesquik Original Nachfüllbeutel 400G,"2,49 €","6,23 €/kg","inkl. MwSt., zzgl. 4.95 € Versandkosten.",lieferbar innerhalb von 2-5 Werktagen,2023-05-02 22:57:54.138240,Kakaohaltiges Getränkepulver,Hinweis zur Aufbewahrung: Trocken lagern. Vor Wärme schützen.,"Verantwortliches Lebensmittelunternehmen:
Nestlé Deutschland AG, 60523 Frankfurt am Main","Zutatenverzeichnis: Zucker, 23% fettarmer Kakao*, Emulgator Lecithine (SOJA), Salz, natürliches Aroma, Zimt. *Rainforest Alliance Certified(TM)",383,1621,"3,6","1,6","78,2","75,4","5,1","0,37",https://www.edeka24.de/Lebensmittel/Kaffee-Tee/Cappuccino-Kakao/Nestle-Nesquik-Original-Nachfuellbeutel-400G.html,https://www.edeka24.de/out/pictures/generated/product/1/540_540_90/nestle_nesquik_original_nachfllbeutel_400g.jpg
198,Lebensmittel,Kaffee & Tee,Cappuccino-Kakao,Krüger Fein & Cremig Cappuccino 350G,"4,99 €","14,26 €/kg","inkl. MwSt., zzgl. 4.95 € Versandkosten.",lieferbar innerhalb von 2-5 Werktagen,2023-05-02 22:57:57.069976,Kaffeespezialität nach italienischer Art mit cremig-feinem Schaum. Getränkepulver mit löslichem Bohnenkaffee.,Hinweis zur Aufbewahrung: Trocken lagern. Nach dem Öffnen innerhalb von 4 Wochen aufbrauchen.,"Verantwortliches Lebensmittelunternehmen:
Krüger GmbH & Co. KG, D-51469 Bergisch Gladbach","Zutatenverzeichnis: SüßMOLKENpulver, Zucker, löslicher Bohnenkaffee (12%), Kokosöl, MagerMILCHpulver, Salz, Stabilisator Natriumphosphate.",1610,382,"9,4","8,6","65,2","65,2","7,5","1,94",https://www.edeka24.de/Lebensmittel/Kaffee-Tee/Cappuccino-Kakao/Krueger-Fein-Cremig-Cappuccino-350G.html,https://www.edeka24.de/out/pictures/generated/product/1/540_540_90/krue_cappuccino_fein_.png
199,Lebensmittel,Kaffee & Tee,Cappuccino-Kakao,Nestle Chococino Cremige Trinkschokolade 220G,"4,79 €","21,77 €/kg","inkl. MwSt., zzgl. 4.95 € Versandkosten.",lieferbar innerhalb von 2-5 Werktagen,2023-05-02 22:57:59.033177,Kakaohaltiges Getränkepulver mit Magermilchpulver,Hinweis zur Aufbewahrung: Trocken lagern. Vor Wärme schützen.,"Verantwortliches Lebensmittelunternehmen:
Nestlé Deutschland AG, 60523 Frankfurt am Main","Zutatenverzeichnis: Zucker, MAGERMILCHPULVER (21%), stark entöltes Kakaopulver (16%), MILCHZUCKER, Kokosfett, Glukosesirup, Speisesalz, natürliches Aroma.",1709,405,"8,7","7,3",68,62,11,"0,76",https://www.edeka24.de/Lebensmittel/Kaffee-Tee/Cappuccino-Kakao/Nestle-Chococino-Cremige-Trinkschokolade-220G.html,https://www.edeka24.de/out/pictures/generated/product/1/540_540_90/nestle_chococino_10st_220g.jpg
200,Lebensmittel,Kaffee & Tee,Cappuccino-Kakao,Nescafé Gold Typ Cappuccino Weniger Süß 250G,"5,49 €","21,96 €/kg","inkl. MwSt., zzgl. 4.95 € Versandkosten.",lieferbar innerhalb von 2-5 Werktagen,2023-05-02 22:58:02.065810,Getränkepulver mit Instant-Bohnenkaffee,Hinweis zur Aufbewahrung: Trocken lagern. Vor Wärme schützen.,"Verantwortliches Lebensmittelunternehmen:
Nestlé Deutschland AG, 60523 Frankfurt am Main","Zutatenverzeichnis: MAGERMILCHPULVER, Glukosesirup, 14,1% Instant-Bohnenkaffee, Kokosnussöl, MILCHZUCKER, gemahlener Bohnenkaffee, Säureregulator (E340), Salz, Stabilisator (E452, E331), natürliches Aroma.",1677,399,"13,4","12,1","53,4","28,9","13,0","1,3",https://www.edeka24.de/Lebensmittel/Kaffee-Tee/Cappuccino-Kakao/Nescaf-Gold-Typ-Cappuccino-Weniger-Suess-250G.html,https://www.edeka24.de/out/pictures/generated/product/1/540_540_90/nescaf_gold_typ_cappuccino_weniger_s_250g.jpg
201,Lebensmittel,Kaffee & Tee,Cappuccino-Kakao,Nestle Nesquik Schoko Sirup 300ML,"3,79 €","12,63 €/l","inkl. MwSt., zzgl. 4.95 € Versandkosten.",lieferbar innerhalb von 2-5 Werktagen,2023-05-02 22:58:04.829908,Sirup mit fettarmem Kakao,Hinweis zur Aufbewahrung: Nach dem Öffnen im Kühlschrank aufbewahren.,"Verantwortliches Lebensmittelunternehmen:
Nestlé Deutschland AG, 60523 Frankfurt am Main","Zutatenverzeichnis: Zucker, Wasser, 10,7% fettarmer Kakao, Invertzuckersirup, Dextrose, Säuerungsmittel (Citronensäure), Salz, Konservierungsstoff (Kaliumsorbat), Aroma, Zimt.",1168,282,"1,2","0,7","62,7","60,6","2,2","0,18",https://www.edeka24.de/Lebensmittel/Kaffee-Tee/Cappuccino-Kakao/Nestle-Nesquik-Schoko-Sirup-300ML.html,https://www.edeka24.de/out/pictures/generated/product/1/540_540_90/nestle_nesquik_schoko_sirup.jpg
202,Lebensmittel,Kaffee & Tee,Cappuccino-Kakao,Unverpackt Bio Kakaonibs 280G,"6,99 €","24,96 €/kg","zzgl. 0,15 € Pfand","inkl. MwSt., zzgl. 4.95 € Versandkosten.",2023-05-02 22:58:07.633463,-,"Hinweis zur Aufbewahrung: Kühl, trocken und im Dunkeln lagern.","Verantwortliches Lebensmittelunternehmen:
Unverpackt Umgedacht GmbH, Ernst-Thälmann-Str. 99, 14532 Kleinmachnow",Zutatenverzeichnis: Kakaobohnen roh* (Sorte: 100% Criollo) *aus kontrolliert ökologischer landwirtschaft,2480,593,51,30,6,2,12,"0,2",https://www.edeka24.de/Lebensmittel/Kaffee-Tee/Cappuccino-Kakao/Unverpackt-Bio-Kakaonibs-280G.html,https://www.edeka24.de/out/pictures/generated/product/1/540_540_90/unverpacktkakaonibs.jpg
203,Lebensmittel,Kaffee & Tee,Cappuccino-Kakao,Nesquik Standard Dose 900G,"5,79 €","6,43 €/kg","inkl. MwSt., zzgl. 4.95 € Versandkosten.",lieferbar innerhalb von 2-5 Werktagen,2023-05-02 22:58:10.690682,-,,"Verantwortliches Lebensmittelunternehmen:
Nestlé Deutschland AG, D-60523 Frankfurt am Main","Zutatenverzeichnis: Zutaten: Zucker, 23% fettarmer Kakao*, Emulgator Lecithine (SOJA), Salz, natürliches Aroma, Zimt. *Rainforest Alliance Certified(TM)",1621,383,"3,6","1,6","78,2","75,4","5,1","0,37",https://www.edeka24.de/Lebensmittel/Kaffee-Tee/Cappuccino-Kakao/Nesquik-Standard-Dose-900G.html,https://www.edeka24.de/out/pictures/generated/product/1/540_540_90/nesquik_standard_dose_900g.jpg
204,Lebensmittel,Kaffee & Tee,Cappuccino-Kakao,GEPA Fairtrade Bio Trinkschokolade 250G,"4,79 €","19,16 €/kg","inkl. MwSt., zzgl. 4.95 € Versandkosten.",lieferbar innerhalb von 2-5 Werktagen,2023-05-02 22:58:12.813188,-,,"Verantwortliches Lebensmittelunternehmen:
GEPA - The Fair Trade Company, GEPA-Weg 1, D-42327 Wuppertal","Zutatenverzeichnis: Rohrohrzucker°*, Kakaopulver°* schwach entölt(32% mindestens), Emulgator: Soja-Lezithin, °Fair Handelsanteil der Zutaten:98%, *Bio-Z utaten in Prozent:98%",1696,403,"8,6","4,6","68,6","64,5","7,5","0,05",https://www.edeka24.de/Lebensmittel/Kaffee-Tee/Cappuccino-Kakao/GEPA-Fairtrade-Bio-Trinkschokolade-250G.html,https://www.edeka24.de/out/pictures/generated/product/1/540_540_90/gepa-trinkschokolade.jpg
205,Lebensmittel,Kaffee & Tee,Cappuccino-Kakao,Unverpackt Bio Trinkschokolade pur 340G,"7,99 €","23,50 €/kg","zzgl. 0,15 € Pfand","inkl. MwSt., zzgl. 4.95 € Versandkosten.",2023-05-02 22:58:16.581797,-,"Hinweis zur Aufbewahrung: Kühl, trocken und im Dunkeln lagern.","Verantwortliches Lebensmittelunternehmen:
Unverpackt Umgedacht GmbH, Ernst-Thälmann-Str. 99, 14532 Kleinmachnow","Zutatenverzeichnis: Zartbitter-Schokolade*, Kakaomasse (mind. 70%), Rohrzucker*, Kakaobutter*. *aus kontrolliert ökologischer Landwirtschaft",2280,550,39,25,32,28,"9,7","0,01",https://www.edeka24.de/Lebensmittel/Kaffee-Tee/Cappuccino-Kakao/Unverpackt-Bio-Trinkschokolade-pur-340G.html,https://www.edeka24.de/out/pictures/generated/product/1/540_540_90/unverpackttrinkschokolade.jpg
206,Lebensmittel,Kaffee & Tee,Filter,EDEKA Unsere besten Kaffeefilter Größe 4 80ST,"1,29 €","0,02 €/st","inkl. MwSt., zzgl. 4.95 € Versandkosten.",lieferbar innerhalb von 2-5 Werktagen,2023-05-02 22:58:23.226476,"Ohne Bodennaht:
besonders reißfest
aromatreu",,,,,,,,,,,,https://www.edeka24.de/Lebensmittel/Kaffee-Tee/Filter/EDEKA-Unsere-besten-Kaffeefilter-Groesse-4-80ST.html,https://www.edeka24.de/out/pictures/generated/product/1/540_540_90/edeka_unsere_besten_kaffeefilter_gre_4.jpg
207,Lebensmittel,Kaffee & Tee,"Milch, Sahne, -Alternativen","Südmilch Campina haltbare Milch mit 3,5 % Fett 0,5L","0,79 €","1,58 €/l","inkl. MwSt., zzgl. 4.95 € Versandkosten.",lieferbar innerhalb von 2-5 Werktagen,2023-05-02 22:58:29.592970,"H-Vollmilch ultrahocherhitzt, homogenisiert, 3,5% Fett",Hinweis zur Aufbewahrung: Ungeöffnet mindestens haltbar bis: siehe Oberseite.,"Verantwortliches Lebensmittelunternehmen:
FrieslandCampina Germany GmbH, Wimpfener Straße 125, D-74078 Heilbronn",,267,64,"3,5","2,3","4,8","4,8","3,3","0,13",https://www.edeka24.de/index.php?cl=details&anid=BKWQgRDVSJzhKolGWBzBEd-1&emcs0=3&emcs1=Kategorieseite%20-%20Topseller&emcs2=&emcs3=149708001,https://www.edeka24.de/out/pictures/generated/product/1/540_540_90/sdmilch_campina_haltbare_milch_mit_35_fett_05_ltr.jpg
208,Lebensmittel,Kaffee & Tee,"Milch, Sahne, -Alternativen",Minus L Kaffeesahne portioniert laktosefrei 10x 10 g,"1,69 €","16,90 €/kg","inkl. MwSt., zzgl. 4.95 € Versandkosten.",lieferbar innerhalb von 2-5 Werktagen,2023-05-02 22:58:47.738539,"Laktosefreie* Kaffeesahne ultrahocherhitzt, 10 % Fett * Laktose < 0,1 g / 100 g",Hinweis zur Aufbewahrung: Transport- und Lagerbedingungen: Raumtemperatur,"Verantwortliches Lebensmittelunternehmen:
Frischli Milchwerke GmbH, Bahndamm 4, D-31547 Rehburg-Loccum",Zutatenverzeichnis: KAFFEESAHNE 10 % Fett Laktase,491,118,10,"6,5",4,4,"3,1","0,1",https://www.edeka24.de/index.php?cl=details&anid=d8v4b14df2a0bd806.50950396&emcs0=3&emcs1=Kategorieseite%20-%20Topseller&emcs2=&emcs3=964147003,https://www.edeka24.de/out/pictures/generated/product/1/540_540_90/minus_l_kaffeesahne_laktosefrei_portioniert.jpg
209,Lebensmittel,Kaffee & Tee,"Milch, Sahne, -Alternativen",Bärenmarke Kondensmilch die Ergiebige 10 % Fett 3x 170G,"2,19 €","4,29 €/kg","inkl. MwSt., zzgl. 4.95 € Versandkosten.",lieferbar innerhalb von 2-5 Werktagen,2023-05-02 22:58:52.172435,"Kondensmilch, wärmebhandelt, 10% Fett","Hinweis zur Aufbewahrung: Dose vor Gebrauch schütteln, nach dem Öffnen gekühlt aufbewahren.","Verantwortliches Lebensmittelunternehmen:
Bärenmarke Vertriebsgesellschaft mbH, Postfach 1154, D-84442 Mühldorf","Zutatenverzeichnis: MILCH, Stabilisator E339.",637,153,10,"6,2","9,8","9,8","5,9","0,23",https://www.edeka24.de/index.php?cl=details&anid=64KizQM3QJzhKolGWBzBEd-1&emcs0=3&emcs1=Kategorieseite%20-%20Topseller&emcs2=&emcs3=129304009,https://www.edeka24.de/out/pictures/generated/product/1/540_540_90/brenmarke_kondensmilch_die_ergiebige_10_fett.jpg
210,Lebensmittel,Kaffee & Tee,"Milch, Sahne, -Alternativen",Omira Kochsahne 15% Fett 200ML,"1,29 €","6,45 €/kg","inkl. MwSt., zzgl. 4.95 € Versandkosten.",lieferbar innerhalb von 2-5 Werktagen,2023-05-02 22:58:55.615155,"Sahne, 15 % Fett ultrahocherhitzt",Hinweis zur Aufbewahrung: Transport- und Lagerbedingungen: Raumtemperatur. Nach dem Öffnen im Kühlschrank aufbewahren und innerhalb weniger Tage verbrauchen.,"Verantwortliches Lebensmittelunternehmen:
Neuburger Milchwerke GmbH & Co. KG, Nördliche Grünauer Straße 28, 86633 Neuburg / Donau (Deutschland)",Zutatenverzeichnis: SAHNE Stabilisator: Carrageen,669,162,15,"9,8","3,8","3,8","2,9","0,08",https://www.edeka24.de/index.php?cl=details&anid=8bd27291f8fa85b452b3703d6442f69c&emcs0=3&emcs1=Kategorieseite%20-%20Topseller&emcs2=&emcs3=1551373001,https://www.edeka24.de/out/pictures/generated/product/1/540_540_90/omirakochsahne.jpg
211,Lebensmittel,Kaffee & Tee,"Milch, Sahne, -Alternativen",Dovgan Gezuckerte Kondensmilch wärmebehandelt 397G,"2,09 €","5,26 €/kg","inkl. MwSt., zzgl. 4.95 € Versandkosten.",lieferbar innerhalb von 2-5 Werktagen,2023-05-02 22:59:00.118764,"Gezuckerte Kondensmilch wärmebehandelt, 8% Fett, 20% fettfreie Milchtrockenmasse, dickflüssig",,"Verantwortliches Lebensmittelunternehmen:
Dovgan GmbH, Zinkhüttenweg 6, 22113 Hamburg","Zutatenverzeichnis: VOLLMILCH, 45% Zucker.",1372,325,8,"5,4","56,4","56,4","6,9","0,23",https://www.edeka24.de/index.php?cl=details&anid=b73689d6e1360c6900a6ae6fb205f631&emcs0=3&emcs1=Kategorieseite%20-%20Topseller&emcs2=&emcs3=239157001,https://www.edeka24.de/out/pictures/generated/product/1/540_540_90/dovgan_gezuckerte_kondensmilch_wrmebehandelt.jpg
212,Lebensmittel,Kaffee & Tee,"Milch, Sahne, -Alternativen","EDEKA Bio Fettarme H-Milch 1,5% 1L","1,29 €","1,29 €/l","inkl. MwSt., zzgl. 4.95 € Versandkosten.",lieferbar innerhalb von 2-5 Werktagen,2023-05-02 22:59:02.547670,"Bio Fettarme H-Milch, 1,5% Fett, ultrahocherhitzt, homogenisiert",Hinweis zur Aufbewahrung: Nach dem Öffnen kühl lagern und alsbaldig aufbrauchen.,"Verantwortliches Lebensmittelunternehmen:
EDEKA ZENTRALE Stiftung & Co. KG, D-22291 Hamburg",,200,48,"1,5",1,5,5,"3,5","0,13",https://www.edeka24.de/Lebensmittel/Kaffee-Tee/Milch-Sahne-Alternativen/EDEKA-Bio-Fettarme-H-Milch-1-5-1L.html,https://www.edeka24.de/out/pictures/generated/product/1/540_540_90/bio_edeka_hmilch_fettarm_15_1l.jpg
213,Lebensmittel,Kaffee & Tee,"Milch, Sahne, -Alternativen","Berchtesgadener Land haltbare Bergbauern Milch 3,5% 1L","1,79 €","1,79 €/l","inkl. MwSt., zzgl. 4.95 € Versandkosten.",lieferbar innerhalb von 2-5 Werktagen,2023-05-02 22:59:05.851094,"H-Vollmilch, 3,5% Fett, ultrahocherhitzt, homogenisiert",Hinweis zur Aufbewahrung: Nach dem Öffnen gekühlt lagern und innerhalb weniger Tage verbrauchen,"Verantwortliches Lebensmittelunternehmen:
Milchwerke Berchtesgadener Land Chiemgau eG, Hockerfeld 5-8, D-83451 Piding",,275,66,"3,6","2,4",5,5,"3,3","0,11",https://www.edeka24.de/Lebensmittel/Kaffee-Tee/Milch-Sahne-Alternativen/Berchtesgadener-Land-haltbare-Bergbauern-Milch-3-5-1L.html,https://www.edeka24.de/out/pictures/generated/product/1/540_540_90/bergbauern-h-milch.jpg
214,Lebensmittel,Kaffee & Tee,"Milch, Sahne, -Alternativen","Weihenstephan haltbare Milch 1,5% 1L","1,79 €","1,79 €/l","inkl. MwSt., zzgl. 4.95 € Versandkosten.",lieferbar innerhalb von 2-5 Werktagen,2023-05-02 22:59:09.137659,"Fettarme H-Milch 1,5 % Fett, ultrahocherhitzt, homogenisiert.",Hinweis zur Aufbewahrung: Ungeöffnet mindestens haltbar bis,"Verantwortliches Lebensmittelunternehmen:
Molkerei Weihenstephan GmbH & Co. KG, Milchstr. 1, D- 85354 Freising",,198,47,"1,5",1,"4,9","4,9","3,5","0,13",https://www.edeka24.de/Lebensmittel/Kaffee-Tee/Milch-Sahne-Alternativen/Weihenstephan-haltbare-Milch-1-5-1L.html,https://www.edeka24.de/out/pictures/generated/product/1/540_540_90/weihmilch15.jpg
215,Lebensmittel,Kaffee & Tee,"Milch, Sahne, -Alternativen","Südmilch Campina haltbare Milch mit 3,5 % Fett 0,5L","0,79 €","1,58 €/l","inkl. MwSt., zzgl. 4.95 € Versandkosten.",lieferbar innerhalb von 2-5 Werktagen,2023-05-02 22:59:13.754093,"H-Vollmilch ultrahocherhitzt, homogenisiert, 3,5% Fett",Hinweis zur Aufbewahrung: Ungeöffnet mindestens haltbar bis: siehe Oberseite.,"Verantwortliches Lebensmittelunternehmen:
FrieslandCampina Germany GmbH, Wimpfener Straße 125, D-74078 Heilbronn",,267,64,"3,5","2,3","4,8","4,8","3,3","0,13",https://www.edeka24.de/Lebensmittel/Kaffee-Tee/Milch-Sahne-Alternativen/Suedmilch-Campina-haltbare-Milch-mit-3-5-Fett-0-5L.html,https://www.edeka24.de/out/pictures/generated/product/1/540_540_90/sdmilch_campina_haltbare_milch_mit_35_fett_05_ltr.jpg
216,Lebensmittel,Kaffee & Tee,"Milch, Sahne, -Alternativen","Weihenstephan haltbare Milch 3,5% 1L","1,89 €","1,89 €/l","inkl. MwSt., zzgl. 4.95 € Versandkosten.",lieferbar innerhalb von 2-5 Werktagen,2023-05-02 22:59:17.217057,"H-Vollmilch 3,5 % Fett, ultrahocherhitzt, homogenisiert.",,"Verantwortliches Lebensmittelunternehmen:
Molkerei Weihenstephan GmbH & Co. KG, Milchstr. 1, D- 85354 Freising",,64,267,"3,5","2,3","4,7","4,7","3,4","0,13",https://www.edeka24.de/Lebensmittel/Kaffee-Tee/Milch-Sahne-Alternativen/Weihenstephan-haltbare-Milch-3-5-1L.html,https://www.edeka24.de/out/pictures/generated/product/1/540_540_90/weihenstephan_haltbare_milch_35_fett.jpg
217,Lebensmittel,Kaffee & Tee,"Milch, Sahne, -Alternativen","Schwarzwaldmilch Protein Milch 0,9% 1L","2,19 €","2,19 €/l","inkl. MwSt., zzgl. 4.95 € Versandkosten.",lieferbar innerhalb von 2-5 Werktagen,2023-05-02 22:59:20.169869,"Haltbare Trinkmilch mit 0,9% Fett angereichert mit Milcheiweißerzeugnis, ultrahocherhitzt",Hinweis zur Aufbewahrung: Nach dem Öffnen im Kühlschrank lagern.,"Verantwortliches Lebensmittelunternehmen:
Schwarzwaldmilch GmbH Freiburg, Haslacher Str. 12, 79115 Freiburg","Zutatenverzeichnis: 58% MILCHEIWEIßERZEUGNIS, 42% TRINKMILCH.",245,58,"0,9","0,6","4,8","4,8","7,5","0,12",https://www.edeka24.de/Lebensmittel/Kaffee-Tee/Milch-Sahne-Alternativen/Schwarzwaldmilch-Protein-Milch-0-9-1L.html,https://www.edeka24.de/out/pictures/generated/product/1/540_540_90/schwarzwaldmilch_protein_hmilch_09_1l.jpg
218,Lebensmittel,Kaffee & Tee,"Milch, Sahne, -Alternativen",Südmilch Kännchen Sahne 12% 200G,"0,89 €","4,45 €/kg","inkl. MwSt., zzgl. 4.95 € Versandkosten.",lieferbar innerhalb von 2-5 Werktagen,2023-05-02 22:59:23.786990,"Kaffeesahne, ultrahocherhitzt, 12% Fett",Hinweis zur Aufbewahrung: Nach dem Öffnen gekühlt aufbewahren.,"Verantwortliches Lebensmittelunternehmen:
FrieslandCampina Germany GmbH, 74078 Heilbronn","Zutatenverzeichnis: MILCH, Stabilisator (Carrageen).",561,136,12,8,"3,9","3,9",3,"0,1",https://www.edeka24.de/Lebensmittel/Kaffee-Tee/Milch-Sahne-Alternativen/Suedmilch-Kaennchen-Sahne-12-200G.html,https://www.edeka24.de/out/pictures/generated/product/1/540_540_90/smknnchen12.jpg
219,Lebensmittel,Kaffee & Tee,"Milch, Sahne, -Alternativen",Omira Kochsahne 15% Fett 200ML,"1,29 €","6,45 €/kg","inkl. MwSt., zzgl. 4.95 € Versandkosten.",lieferbar innerhalb von 2-5 Werktagen,2023-05-02 22:59:26.811412,"Sahne, 15 % Fett ultrahocherhitzt",Hinweis zur Aufbewahrung: Transport- und Lagerbedingungen: Raumtemperatur. Nach dem Öffnen im Kühlschrank aufbewahren und innerhalb weniger Tage verbrauchen.,"Verantwortliches Lebensmittelunternehmen:
Neuburger Milchwerke GmbH & Co. KG, Nördliche Grünauer Straße 28, 86633 Neuburg / Donau (Deutschland)",Zutatenverzeichnis: SAHNE Stabilisator: Carrageen,669,162,15,"9,8","3,8","3,8","2,9","0,08",https://www.edeka24.de/Lebensmittel/Kaffee-Tee/Milch-Sahne-Alternativen/Omira-Kochsahne-15-Fett-200ML.html,https://www.edeka24.de/out/pictures/generated/product/1/540_540_90/omirakochsahne.jpg
220,Lebensmittel,Kaffee & Tee,"Milch, Sahne, -Alternativen",Südmilch Kaffeesahne Kännchen 4% Fett 200 g,"0,75 €","3,75 €/kg","inkl. MwSt., zzgl. 4.95 € Versandkosten.",lieferbar innerhalb von 2-5 Werktagen,2023-05-02 22:59:29.831937,"Teilentrahmte Kondensmilch, wärmebehandelt, 4% Fett, 20% fettfreie Milchtrockenmasse.",Hinweis zur Aufbewahrung: Nach dem Öffnen kühl aufbewahren,"Verantwortliches Lebensmittelunternehmen:
FrieslandCampina Germany GmbH, Wimpfener Straße 125, D-74078 Heilbronn",,463,110,4,"2,5","11,6","11,6","6,9","0,3",https://www.edeka24.de/Lebensmittel/Kaffee-Tee/Milch-Sahne-Alternativen/Suedmilch-Kaffeesahne-Kaennchen-4-Fett-200-g.html,https://www.edeka24.de/out/pictures/generated/product/1/540_540_90/sdmilchknnchen4.jpg
221,Lebensmittel,Kaffee & Tee,"Milch, Sahne, -Alternativen",Minus L haltbare Schlagsahne 30% laktosefrei 200ML,"1,49 €","7,45 €/kg","inkl. MwSt., zzgl. 4.95 € Versandkosten.",lieferbar innerhalb von 2-5 Werktagen,2023-05-02 22:59:33.201057,"Laktosefreie* Schlagsahne ultrahocherhitzt, mindestens 30 % Fett * Laktose < 0,1 g / 100 g",Hinweis zur Aufbewahrung: Transport- und Lagerbedingungen: Raumtemperatur Weitere Angaben: Vor dem Schlagen gut kühlen. Nach dem Öffnen im Kühlschrank aufbewahren und innerhalb weniger Tage verbrauchen.,"Verantwortliches Lebensmittelunternehmen:
Neuburger Milchwerke GmbH & Co. KG, Nördliche Grünauer Straße 28, 86633 Neuburg / Donau",Zutatenverzeichnis: Zutaten: SCHLAGSAHNE Laktase Stabilisator: Carrageen,1207,293,30,"19,7","3,2","3,2","2,5","0,1",https://www.edeka24.de/Lebensmittel/Kaffee-Tee/Milch-Sahne-Alternativen/Minus-L-haltbare-Schlagsahne-30-laktosefrei-200ML.html,https://www.edeka24.de/out/pictures/generated/product/1/540_540_90/minus_l_schlagsahne_haltbar_laktosefrei.jpg
222,Lebensmittel,Kaffee & Tee,"Milch, Sahne, -Alternativen","Bärenmarke Kaffeesahne 10% Fett Portionspackung 10x 7,5G","1,29 €","17,20 €/kg","inkl. MwSt., zzgl. 4.95 € Versandkosten.",lieferbar innerhalb von 2-5 Werktagen,2023-05-02 22:59:36.620191,"Kondensmilch wärmebehandelt, 10% Fett, 17% fettfreie Milchtrockenmasse",Hinweis zur Aufbewahrung: Ungekühlt lagern.,"Verantwortliches Lebensmittelunternehmen:
Bärenmarke Vertriebsgesellschaft mbH, Postfach 1154, D-84442 Mühldorf","Zutatenverzeichnis: MILCH, Stabilisator E339.",153,637,10,"6,2","9,8","9,8","5,9","0,23",https://www.edeka24.de/Lebensmittel/Kaffee-Tee/Milch-Sahne-Alternativen/Baerenmarke-Kaffeesahne-10-Fett-Portionspackung-10x-7-5G.html,https://www.edeka24.de/out/pictures/generated/product/1/540_540_90/brenmarke_kaffeesahne_10_fett_portionspackung.jpg
223,Lebensmittel,Kaffee & Tee,"Milch, Sahne, -Alternativen",Oatly Hafer Barista Edition 1L,"2,29 €","2,29 €/l","inkl. MwSt., zzgl. 4.95 € Versandkosten.",lieferbar innerhalb von 2-5 Werktagen,2023-05-02 22:59:40.319377,Aufschäumbarer Haferdrink mit zugesetzten Vitaminen und Mineralien,Hinweis zur Aufbewahrung: Nach Anbruch 5 Tage im Kühlschrank haltbar.,"Verantwortliches Lebensmittelunternehmen:
Oatly AB, Stora Varvsgatan 6a, SE-211 19 Malmö","Zutatenverzeichnis: Wasser, Hafer 10%, Rapsöl, Säureregulator (Dikaliumphosphat), Mineralien (Calciumcarbonat, Kaliumiodid), Salz, Vitamine (D2, Riboflavin, B12).",247,59,3,"0,3","6,6",4,1,"0,1",https://www.edeka24.de/Lebensmittel/Kaffee-Tee/Milch-Sahne-Alternativen/Oatly-Hafer-Barista-Edition-1L.html,https://www.edeka24.de/out/pictures/generated/product/1/540_540_90/oatly_hafer_barista_edition_1l.jpg
224,Lebensmittel,Kaffee & Tee,"Milch, Sahne, -Alternativen",Bärenmarke Genussvolle Kaffee-Milch 8% Fett 170G,"1,39 €","8,18 €/kg","inkl. MwSt., zzgl. 4.95 € Versandkosten.",lieferbar innerhalb von 2-5 Werktagen,2023-05-02 22:59:43.859141,"Kondensmilch, wärmebehandelt, 8% Fett, 17% fettfreie Milchtrockenmasse. Ohne Zusatzstoffe.",Hinweis zur Aufbewahrung: Nach dem Öffnen gekühlt aufbewahren.,"Verantwortliches Lebensmittelunternehmen:
Bärenmarke Vertriebsgesellschaft mbH, 54424 Thalfang",,556,133,8,"5,4","8,7","8,7","6,6","0,22",https://www.edeka24.de/Lebensmittel/Kaffee-Tee/Milch-Sahne-Alternativen/Baerenmarke-Genussvolle-Kaffee-Milch-8-Fett-170G.html,https://www.edeka24.de/out/pictures/generated/product/1/540_540_90/brenmarke_genussvoller_traum_8_fett(1).jpg
225,Lebensmittel,Kaffee & Tee,"Milch, Sahne, -Alternativen",Weihenstephan Barista Milch 1L,"2,19 €","2,19 €/l","inkl. MwSt., zzgl. 4.95 € Versandkosten.",lieferbar innerhalb von 2-5 Werktagen,2023-05-02 22:59:46.235254,"H-Trinkmilch angereichert mit Milchweiweiß, 3,0% Fett, ultrahocherhitzt, homogenisiert",Hinweis zur Aufbewahrung: Nach dem Öffnen auch gekühlt nur begrenzt haltbar.,"Verantwortliches Lebensmittelunternehmen:
Molkerei Weihenstephan GmbH & Co. KG, Milchstr. 1, 85354 Freising","Zutatenverzeichnis: TRINKMILCH (3,0% Fett), MILCHEIWEIß.",262,63,3,2,"4,9","4,9",4,"0,12",https://www.edeka24.de/Lebensmittel/Kaffee-Tee/Milch-Sahne-Alternativen/Weihenstephan-Barista-Milch-1L.html,https://www.edeka24.de/out/pictures/generated/product/1/540_540_90/weihenstephan_haltbare_barista_milch_1l.jpg
226,Lebensmittel,Kaffee & Tee,"Milch, Sahne, -Alternativen",Minus L Kaffeesahne portioniert laktosefrei 10x 10 g,"1,69 €","16,90 €/kg","inkl. MwSt., zzgl. 4.95 € Versandkosten.",lieferbar innerhalb von 2-5 Werktagen,2023-05-02 22:59:48.874170,"Laktosefreie* Kaffeesahne ultrahocherhitzt, 10 % Fett * Laktose < 0,1 g / 100 g",Hinweis zur Aufbewahrung: Transport- und Lagerbedingungen: Raumtemperatur,"Verantwortliches Lebensmittelunternehmen:
Frischli Milchwerke GmbH, Bahndamm 4, D-31547 Rehburg-Loccum",Zutatenverzeichnis: KAFFEESAHNE 10 % Fett Laktase,491,118,10,"6,5",4,4,"3,1","0,1",https://www.edeka24.de/Lebensmittel/Kaffee-Tee/Milch-Sahne-Alternativen/Minus-L-Kaffeesahne-portioniert-laktosefrei-10x-10-g.html,https://www.edeka24.de/out/pictures/generated/product/1/540_540_90/minus_l_kaffeesahne_laktosefrei_portioniert.jpg
227,Lebensmittel,Kaffee & Tee,"Milch, Sahne, -Alternativen",Bärenmarke Kondensmilch die Ergiebige 10 % Fett 3x 170G,"2,19 €","4,29 €/kg","inkl. MwSt., zzgl. 4.95 € Versandkosten.",lieferbar innerhalb von 2-5 Werktagen,2023-05-02 22:59:51.190315,"Kondensmilch, wärmebhandelt, 10% Fett","Hinweis zur Aufbewahrung: Dose vor Gebrauch schütteln, nach dem Öffnen gekühlt aufbewahren.","Verantwortliches Lebensmittelunternehmen:
Bärenmarke Vertriebsgesellschaft mbH, Postfach 1154, D-84442 Mühldorf","Zutatenverzeichnis: MILCH, Stabilisator E339.",637,153,10,"6,2","9,8","9,8","5,9","0,23",https://www.edeka24.de/Lebensmittel/Kaffee-Tee/Milch-Sahne-Alternativen/Baerenmarke-Kondensmilch-die-Ergiebige-10-Fett-3x-170G.html,https://www.edeka24.de/out/pictures/generated/product/1/540_540_90/brenmarke_kondensmilch_die_ergiebige_10_fett.jpg
228,Lebensmittel,Kaffee & Tee,"Milch, Sahne, -Alternativen",Landliebe Barista Hafer Drink 1L,"2,59 €","2,59 €/l","inkl. MwSt., zzgl. 4.95 € Versandkosten.",lieferbar innerhalb von 2-5 Werktagen,2023-05-02 22:59:54.022775,"Haferdrink, angereichert mit Calcium und Vitaminen",Hinweis zur Aufbewahrung: Nach dem Öffnen auch gekühlt nur begrenzt haltbar.,"Verantwortliches Lebensmittelunternehmen:
Landliebe Molkereiprodukte GmbH, 74078 Heilbronn","Zutatenverzeichnis: Wasser, 13% glutenfreier HAFER, Rapsöl, Calciumcarbonat, Säureregulator Kaliumphosphate, Meersalz, Vitamin B2 (=Riboflavin), Vitamin D, Vitamin B12.",223,53,"2,8","0,3","5,9","2,8","1,1","0,09",https://www.edeka24.de/Lebensmittel/Kaffee-Tee/Milch-Sahne-Alternativen/Landliebe-Barista-Hafer-Drink-1L.html,https://www.edeka24.de/out/pictures/generated/product/1/540_540_90/llbaristahafer.jpg
229,Lebensmittel,Kaffee & Tee,"Milch, Sahne, -Alternativen",Weihenstephan Haltbarer Kakao 1L,"2,19 €","2,19 €/l","inkl. MwSt., zzgl. 4.95 € Versandkosten.",lieferbar innerhalb von 2-5 Werktagen,2023-05-02 22:59:57.094287,Haltbarer Kakao,Hinweis zur Aufbewahrung: Ungekühlt lagerfähig. Nach dem Öffnen kühl lagern und innerhalb weniger Tage verbrauchen.,"Verantwortliches Lebensmittelunternehmen:
Molkerei Weihenstephan GmbH & Co. KG Milchstraße 1, 85354 Freising","Zutatenverzeichnis: VOLLMILCH, MAGERMILCH, Zucker, 1,3 % fettarmes Kakaopulver, Stabilisator Carrageen, Speisesalz.",334,80,"3,1","2,0","9,1","9,1","3,6","0,13",https://www.edeka24.de/Lebensmittel/Kaffee-Tee/Milch-Sahne-Alternativen/Weihenstephan-Haltbarer-Kakao-1L.html,https://www.edeka24.de/out/pictures/generated/product/1/540_540_90/weihenstephan_haltbarer_kakao_1l.jpg
230,Lebensmittel,Kaffee & Tee,"Milch, Sahne, -Alternativen",Bärenmarke Kondensmilch Die Ergiebige 10% Fett 340G,"1,79 €","5,26 €/kg","inkl. MwSt., zzgl. 4.95 € Versandkosten.",lieferbar innerhalb von 2-5 Werktagen,2023-05-02 23:00:00.139223,"Kondensmilch, wärmebehandelt, 10% Fett, 17% fettfreie Milchtrockenmasse.","Hinweis zur Aufbewahrung: Dose vor Gebrauch schütteln, nach dem Öffnen gekühlt aufbewahren.","Verantwortliches Lebensmittelunternehmen:
Bärenmarke Vertriebsgesellschaft mbH, Postfach 1154, D-84442 Mühldorf","Zutatenverzeichnis: MILCH, Stabilisator E339.",153,637,10,"6,2","9,8","9,8","5,9","0,23",https://www.edeka24.de/Lebensmittel/Kaffee-Tee/Milch-Sahne-Alternativen/Baerenmarke-Kondensmilch-Die-Ergiebige-10-Fett-340G.html,https://www.edeka24.de/out/pictures/generated/product/1/540_540_90/brenmarke_kondensmilch_die_ergiebige_10_fett(1).jpg
231,Lebensmittel,Kaffee & Tee,"Milch, Sahne, -Alternativen","Minus L fettarme haltbare Milch 1,5% laktosefrei 1L","2,19 €","2,19 €/l","inkl. MwSt., zzgl. 4.95 € Versandkosten.",lieferbar innerhalb von 2-5 Werktagen,2023-05-02 23:00:03.535736,"Laktosefreie* H-fettarme Milch 1,5 % Fett ultrahocherhitzt, homogenisiert * Laktose < 0,1 g / 100 g",Hinweis zur Aufbewahrung: Transport- und Lagerbedingungen: Raumtemperatur Nach dem Öffnen im Kühlschrank aufbewahren und innerhalb weniger Tage verbrauchen.,"Verantwortliches Lebensmittelunternehmen:
Omira GmbH, Jahnstraße 10, 88214 Ravensburg","Zutatenverzeichnis: Fettarme MILCH, Laktase.",197,47,"1,5",1,"4,9","4,9","3,4","0,13",https://www.edeka24.de/Lebensmittel/Kaffee-Tee/Milch-Sahne-Alternativen/Minus-L-fettarme-haltbare-Milch-1-5-laktosefrei-1L.html,https://www.edeka24.de/out/pictures/generated/product/1/540_540_90/minus_l_fettarme_haltbare_milch_15_laktosefrei.jpg
232,Lebensmittel,Kaffee & Tee,"Milch, Sahne, -Alternativen",Landliebe Mandel Drink ohne Zucker 1L,"2,89 €","2,89 €/l","inkl. MwSt., zzgl. 4.95 € Versandkosten.",lieferbar innerhalb von 2-5 Werktagen,2023-05-02 23:00:05.884036,"Mandeldrink ohne Zucker, angereichert mit Calcium und Vitaminen",Hinweis zur Aufbewahrung: Nach dem Öffnen auch gekühlt nur begrenzt haltbar.,"Verantwortliches Lebensmittelunternehmen:
Landliebe Molkereiprodukte GmbH, 74078 Heilbronn","Zutatenverzeichnis: Wasser, 2,3% MANDELN, Erbsenproteinisolat, Calciumsalze der Orthophosphorsäure, Säureregulator Kaliumphosphate, Meersalz, natürliches Aroma, Stabilisator Gellan, Emulgator Lecithine, Vitamin B2 (=Riboflavin), Vitamin D, Vitamin B12.",90,22,"1,6","0,1",0,0,"1,7","0,16",https://www.edeka24.de/Lebensmittel/Kaffee-Tee/Milch-Sahne-Alternativen/Landliebe-Mandel-Drink-ohne-Zucker-1L.html,https://www.edeka24.de/out/pictures/generated/product/1/540_540_90/llmandeloz.jpg
233,Lebensmittel,Kaffee & Tee,"Milch, Sahne, -Alternativen",Alpro Hafer-Mandel Drink 1L,"2,69 €","2,69 €/l","inkl. MwSt., zzgl. 4.95 € Versandkosten.",lieferbar innerhalb von 2-5 Werktagen,2023-05-02 23:00:08.533248,-,Hinweis zur Aufbewahrung: Nach Anbruch 5 Tage im Kühlschrank haltbar (max. 7°C).,"Verantwortliches Lebensmittelunternehmen:
Alpro CVA, Vlamingstraat 28, 8560 Wevelgem, Belgium","Zutatenverzeichnis: HAFERBASIS (Wasser, Hafer (3,2%)), MANDELN (1,7%), Zichorienwurzelfasern, Tricalciumphosphat, Stabilisatoren (Johannisbrotkernmehl, Gellan), Meersalz, natürliche Aromen, Vitamine (B2, B12, E, D2). Kann Spuren von SCHALENFRÜCHTEN (keine ERDNÜSSE) enthalten",98,24,1,"0,1","2,4","1,8","0,4","0,11",https://www.edeka24.de/Lebensmittel/Kaffee-Tee/Milch-Sahne-Alternativen/Alpro-Hafer-Mandel-Drink-1L.html,https://www.edeka24.de/out/pictures/generated/product/1/540_540_90/alpro_hafermandel_drink_1l.jpg
234,Lebensmittel,Kaffee & Tee,"Milch, Sahne, -Alternativen",Sucofin Magermilchpulver leicht löslich 250G,"4,29 €","17,16 €/kg","inkl. MwSt., zzgl. 4.95 € Versandkosten.",lieferbar innerhalb von 2-5 Werktagen,2023-05-02 23:00:13.567539,Sprühmagermilchpulver instant/ agglomeriert.,Hinweis zur Aufbewahrung: Trocken und vor Wärme geschützt. Verpackung nach dem Öffnen gut verschließen.,"Verantwortliches Lebensmittelunternehmen:
TSI GmbH & Co. KG, Südring 26, D-27404 Zeven",Zutatenverzeichnis: MAGERMILCHPULVER.,1511,356,"0,6","0,4",55,55,32,"1,3",https://www.edeka24.de/Lebensmittel/Kaffee-Tee/Milch-Sahne-Alternativen/Sucofin-Magermilchpulver-leicht-loeslich-250G.html,https://www.edeka24.de/out/pictures/generated/product/1/540_540_90/sucofin_magermilchpulver_leicht_lslich(1).jpg
235,Lebensmittel,Kaffee & Tee,"Milch, Sahne, -Alternativen","LAC lactosefrei H-Vollmilch 3,5% 1L","2,09 €","2,09 €/l","inkl. MwSt., zzgl. 4.95 € Versandkosten.",lieferbar innerhalb von 2-5 Werktagen,2023-05-02 23:00:16.668564,"Lactosefreie H-Vollmilch, 3,5% Fett, ultrahocherhitzt, homogenisiert",Hinweis zur Aufbewahrung: Nach dem Öffnen beoi max. +8°C lagern und innerhalb weniger Tage verzehren.,"Verantwortliches Lebensmittelunternehmen:
Schwarzwaldmilch GmbH Freiburg, Haslacher Str. 12, 79115 Freiburg","Zutatenverzeichnis: VOLLMILCH, Lactase.",275,66,"3,6","2,3","4,8","4,8","3,4","0,12",https://www.edeka24.de/Lebensmittel/Kaffee-Tee/Milch-Sahne-Alternativen/LAC-lactosefrei-H-Vollmilch-3-5-1L.html,https://www.edeka24.de/out/pictures/generated/product/1/540_540_90/brsglactosefrhmilch_35_1l.jpg
236,Lebensmittel,Kaffee & Tee,"Milch, Sahne, -Alternativen","LAC lactosefrei Fettarme H-Milch 1,5% 1L","2,05 €","2,05 €/l","inkl. MwSt., zzgl. 4.95 € Versandkosten.",lieferbar innerhalb von 2-5 Werktagen,2023-05-02 23:00:19.385940,"Lactosefreie, H-fettarme Milch, 1,5% Fett, ultrahocherhitzt, homogenisiert.",Hinweis zur Aufbewahrung: Nach dem Öffnen bei max. +8°C lagern und innerhalb weniger Tage verzehren.,"Verantwortliches Lebensmittelunternehmen:
Schwarzwaldmilch GmbH Freiburg, Haslacher Str. 12, 79115 Freiburg","Zutatenverzeichnis: Fettarme MILCH, Lactase.",203,48,"1,5",1,5,5,"3,5","0,12",https://www.edeka24.de/Lebensmittel/Kaffee-Tee/Milch-Sahne-Alternativen/LAC-lactosefrei-Fettarme-H-Milch-1-5-1L.html,https://www.edeka24.de/out/pictures/generated/product/1/540_540_90/brsglactosefrhmilch_15_1l.jpg
237,Lebensmittel,Kaffee & Tee,"Milch, Sahne, -Alternativen",Oatly Bio Haferdrink 1L,"2,29 €","2,29 €/l","inkl. MwSt., zzgl. 4.95 € Versandkosten.",lieferbar innerhalb von 2-5 Werktagen,2023-05-02 23:00:21.927343,Haferdrink BIO.,,"Verantwortliches Lebensmittelunternehmen:
Oatly Germany GmbH, Mehringdamm 33, 10961 Berlin","Zutatenverzeichnis: Wasser, HAFER* 10%, Meersalz. * Aus kontrolliert biologischem Anbau.",157,37,"0,5","0,1","6,7","4,1",1,"0,1",https://www.edeka24.de/Lebensmittel/Kaffee-Tee/Milch-Sahne-Alternativen/Oatly-Bio-Haferdrink-1L.html,https://www.edeka24.de/out/pictures/generated/product/1/540_540_90/61589_haferbio_1200.jpg
238,Lebensmittel,Kaffee & Tee,"Milch, Sahne, -Alternativen",Alpro zum Kochen Soja 250ML,"1,49 €","5,96 €/l","inkl. MwSt., zzgl. 4.95 € Versandkosten.",lieferbar innerhalb von 2-5 Werktagen,2023-05-02 23:00:25.101235,Sojaprodukt zum Kochen.,Hinweis zur Aufbewahrung: Dieses Produkt ist nicht aufschlagbar Nach Anbruch 5 Tage im Kühlschrank haltbar (max. 7°C).,"Verantwortliches Lebensmittelunternehmen:
Alpro CVA, Vlamingstraat 28, 8560 Wevelgem, Belgium","Zutatenverzeichnis: SOJABASIS (Wasser, geschälte SOJABOHNEN (5,5%)), Sonnenblumenöl, Zucker, Emulgator (Zuckerester von Speisefettsäuren), Stabilisatoren (Xanthan, Carrageen, Guarkernmehl), Meersalz, Aroma. Gluten- und von Natur aus laktosefrei.",587,142,14,"1,6","1,2","1,2",2,"0,14",https://www.edeka24.de/Lebensmittel/Kaffee-Tee/Milch-Sahne-Alternativen/Alpro-zum-Kochen-Soja-250ML.html,https://www.edeka24.de/out/pictures/generated/product/1/540_540_90/alpro_soya_cuisine.jpg
239,Lebensmittel,Kaffee & Tee,"Milch, Sahne, -Alternativen","Minus L H-Milch 3,5% laktosefrei 1L","2,29 €","2,29 €/l","inkl. MwSt., zzgl. 4.95 € Versandkosten.",lieferbar innerhalb von 2-5 Werktagen,2023-05-02 23:00:28.851138,"Laktosefreie* H-Vollmilch 3,8 % Fett ultrahocherhitzt, homogenisiert * Laktose < 0,1 g / 100 g",Hinweis zur Aufbewahrung: Nach dem Öffnen im Kühlschrank aufbewahren und innerhalb weniger Tage verbrauchen.,"Verantwortliches Lebensmittelunternehmen:
OMIRA GmbH, Jahnstraße 10, 88214 Ravensburg (Deutschland)","Zutatenverzeichnis: VOLLMILCH, Laktase.",267,64,"3,5","2,3","4,8","4,8","3,3","0,13",https://www.edeka24.de/Lebensmittel/Kaffee-Tee/Milch-Sahne-Alternativen/Minus-L-H-Milch-3-5-laktosefrei-1L.html,https://www.edeka24.de/out/pictures/generated/product/1/540_540_90/minus_l_hmilch_38_laktosefrei.jpg
240,Lebensmittel,Kaffee & Tee,"Milch, Sahne, -Alternativen",Alpro Soya Drink Vanille 1L,"2,59 €","2,59 €/l","inkl. MwSt., zzgl. 4.95 € Versandkosten.",lieferbar innerhalb von 2-5 Werktagen,2023-05-02 23:00:32.355953,"Sojadrink, Vanille-Geschmack, angereichert mit Calcium & Vitaminen.",Hinweis zur Aufbewahrung: Nach Anbruch 5 Tage im Kühlschrank haltbar (max. 7°C).,"Verantwortliches Lebensmittelunternehmen:
Alpro CVA, Vlamingstraat 28, 8560 Wevelgem, Belgium","Zutatenverzeichnis: SOJABASIS (Wasser, geschälte SOJABOHNEN (7,8%)), Zucker, Calciumcarbonat, Aromen, Meersalz, Säureregulator (Kaliumphosphate), Karottenextrakt, Stabilisator (Gellan), Vitamine (B2, B12, D2).",240,57,"1,8","0,3","6,7","6,7",3,"0,14",https://www.edeka24.de/Lebensmittel/Kaffee-Tee/Milch-Sahne-Alternativen/Alpro-Soya-Drink-Vanille-1L.html,https://www.edeka24.de/out/pictures/generated/product/1/540_540_90/alpro_soya_drink_vanille_1l.jpg
241,Lebensmittel,Kaffee & Tee,"Milch, Sahne, -Alternativen","EDEKA My Veggie No Milk 3,5% 1L","1,59 €","1,59 €/l","inkl. MwSt., zzgl. 4.95 € Versandkosten.",lieferbar innerhalb von 2-5 Werktagen,2023-05-02 23:00:35.505996,"Getränk auf fermentierter Haferbasis, ultrahocherhitzt",Hinweis zur Aufbewahrung: Nach dem Öffnen gekühlt lagern und alsbald aufbrauchen.,"Verantwortliches Lebensmittelunternehmen:
EDEKA Zentrale AG & Co. KG, 22291 Hamburg","Zutatenverzeichnis: Wasser, 5,0% HAFER, Rapsöl, Kichererbsenproteinkonzentrat, natürliche Aromen, Emulgator: Lecithine; Stabilisator: Guarkernmehl, Gellan; Speisesalz. Das Produkt kann Spuren von SCHALENFRÜCHTEN erhalten.",196,47,"3,5","0,4","3,6","1,7","0,3","0,11",https://www.edeka24.de/Lebensmittel/Kaffee-Tee/Milch-Sahne-Alternativen/EDEKA-My-Veggie-No-Milk-3-5-1L.html,https://www.edeka24.de/out/pictures/generated/product/1/540_540_90/edeka_my_veggie_no_milk_veganer_haferdrink_35_1l.jpg
242,Lebensmittel,Kaffee & Tee,"Milch, Sahne, -Alternativen",Alnatura Bio Kaffeesahne 10% Fett 165G,"1,19 €","7,21 €/kg","inkl. MwSt., zzgl. 4.95 € Versandkosten.",lieferbar innerhalb von 2-5 Werktagen,2023-05-02 23:00:38.221757,"Bio Kaffeesahne, wärmebehandelt, 10 % Fett",Hinweis zur Aufbewahrung: Bitte lichtgeschützt lagern. Nach dem Öffnen kühl aufbewahren.,"Verantwortliches Lebensmittelunternehmen:
Alnatura Produktions- und Handels GmbH, Mahatma-Gandhi-Str. 7, 64295 Darmstadt",Zutatenverzeichnis: SAHNE*. *aus biologischer Landwirtschaft.,496,120,10,"6,2","4,3","4,3","3,1","0,1",https://www.edeka24.de/Lebensmittel/Kaffee-Tee/Milch-Sahne-Alternativen/Alnatura-Bio-Kaffeesahne-10-Fett-165G.html,https://www.edeka24.de/out/pictures/generated/product/1/540_540_90/alnaturakaffeesahne.jpg
243,Lebensmittel,Kaffee & Tee,"Milch, Sahne, -Alternativen",Bärenmarke Extra Leichte Kaffee-Milch 3% Fett 170G,"1,29 €","7,59 €/kg","inkl. MwSt., zzgl. 4.95 € Versandkosten.",lieferbar innerhalb von 2-5 Werktagen,2023-05-02 23:00:43.295515,"Teilentrahmtes Kondensmilcherzeugnis, wärmebehandelt, 3% Fett, 15% fettfreie Milchtrockenmasse. Ohne Zusatzstoffe.",Hinweis zur Aufbewahrung: Nach dem Öffnen gekühlt aufbewahren.,"Verantwortliches Lebensmittelunternehmen:
Bärenmarke Vertriebsgesellschaft mbH, 54424 Thalfang",,339,81,3,2,"7,6","7,6","5,8","0,19",https://www.edeka24.de/Lebensmittel/Kaffee-Tee/Milch-Sahne-Alternativen/Baerenmarke-Extra-Leichte-Kaffee-Milch-3-Fett-170G.html,https://www.edeka24.de/out/pictures/generated/product/1/540_540_90/brenmarke_der_extra_leichte_traum_3(1).jpg
244,Lebensmittel,Kaffee & Tee,"Milch, Sahne, -Alternativen",Alpro Barista Haferdrink 1L,"2,69 €","2,69 €/l","inkl. MwSt., zzgl. 4.95 € Versandkosten.",lieferbar innerhalb von 2-5 Werktagen,2023-05-02 23:00:46.244132,Haferdrink angereichert mit Vitaminen,Hinweis zur Aufbewahrung: Nach Anbruch 5 Tage im Kühlschrank haltbar (max. 7°C).,"Verantwortliches Lebensmittelunternehmen:
Alpro CVA, Vlamingstraat 28, 8560 Wevelgem, Belgium","Zutatenverzeichnis: Haferbasis (Wasser, Hafer (10%)), Sonnenblumenöl, Zichorienwurzelfasern, Erbsenprotein, Säureregulator (Kaliumphosphate), Meersalz, Vitamine (B2, B12, D2). Von Natur aus laktose- und kuhmilcheiweißfrei",248,59,3,"0,3","6,7","3,3","0,8","0,13",https://www.edeka24.de/Lebensmittel/Kaffee-Tee/Milch-Sahne-Alternativen/Alpro-Barista-Haferdrink-1L.html,https://www.edeka24.de/out/pictures/generated/product/1/540_540_90/alprobaristahafer.jpg
245,Lebensmittel,Kaffee & Tee,"Milch, Sahne, -Alternativen","Weihenstephan Haltbare Milch 0,1% Fett 1L","1,79 €","1,79 €/l","inkl. MwSt., zzgl. 4.95 € Versandkosten.",lieferbar innerhalb von 2-5 Werktagen,2023-05-02 23:00:49.439506,"Entrahmte H-Milch, höchstens 0,1 % Fett, ultrahocherhitzt,homogenisiert.",Hinweis zur Aufbewahrung: Nach dem Öffnen auch gekühlt nur begrenzt haltbar.,"Verantwortliches Lebensmittelunternehmen:
Molkerei Weihenstephan GmbH & Co. KG, Milchstr. 1, D- 85354 Freising",,148,35,"0,1","0,1",5,5,"3,6","0,13",https://www.edeka24.de/Lebensmittel/Kaffee-Tee/Milch-Sahne-Alternativen/Weihenstephan-Haltbare-Milch-0-1-Fett-1L.html,https://www.edeka24.de/out/pictures/generated/product/1/540_540_90/weihhalpenmilch_011l.jpg
246,Lebensmittel,Kaffee & Tee,"Milch, Sahne, -Alternativen",Dovgan Gezuckerte Kondensmilch wärmebehandelt 397G,"2,09 €","5,26 €/kg","inkl. MwSt., zzgl. 4.95 € Versandkosten.",lieferbar innerhalb von 2-5 Werktagen,2023-05-02 23:00:52.088835,"Gezuckerte Kondensmilch wärmebehandelt, 8% Fett, 20% fettfreie Milchtrockenmasse, dickflüssig",,"Verantwortliches Lebensmittelunternehmen:
Dovgan GmbH, Zinkhüttenweg 6, 22113 Hamburg","Zutatenverzeichnis: VOLLMILCH, 45% Zucker.",1372,325,8,"5,4","56,4","56,4","6,9","0,23",https://www.edeka24.de/Lebensmittel/Kaffee-Tee/Milch-Sahne-Alternativen/Dovgan-Gezuckerte-Kondensmilch-waermebehandelt-397G.html,https://www.edeka24.de/out/pictures/generated/product/1/540_540_90/dovgan_gezuckerte_kondensmilch_wrmebehandelt.jpg
247,Lebensmittel,Kaffee & Tee,"Milch, Sahne, -Alternativen","Alpro zum Kochen Hafer 8,3% Fett 250ML","1,39 €","5,56 €/l","inkl. MwSt., zzgl. 4.95 € Versandkosten.",lieferbar innerhalb von 2-5 Werktagen,2023-05-02 23:00:54.597308,Haferprodukt zum Kochen.,Hinweis zur Aufbewahrung: Dieses Produkt ist nicht aufschlagbar Nach Anbruch 5 Tage im Kühlschrank haltbar (max. 7°C).,"Verantwortliches Lebensmittelunternehmen:
Alpro CVA, Vlamingstraat 28, 8560 Wevelgem, Belgium","Zutatenverzeichnis: HAFERBASIS (Wasser, HAFER (8,8%)), Sonnenblumenöl, modifizierte Stärke, Emulgator (Zuckerester von Speisefettsäuren), Stabilisatoren (Xanthan, Carrageen, Guarkernmehl), Meersalz, natürliches Aroma. Von Natur aus laktosefrei.",428,103,"8,3","0,9","6,2",0,"0,2","0,14",https://www.edeka24.de/Lebensmittel/Kaffee-Tee/Milch-Sahne-Alternativen/Alpro-zum-Kochen-Hafer-8-3-Fett-250ML.html,https://www.edeka24.de/out/pictures/generated/product/1/540_540_90/alpro_haferprodukt_zum_kochen_250ml.jpg
248,Lebensmittel,Kaffee & Tee,"Milch, Sahne, -Alternativen",Alnatura Bio Naturland Mandel Drink ungesüßt 1L,"3,19 €","3,19 €/l","inkl. MwSt., zzgl. 4.95 € Versandkosten.",lieferbar innerhalb von 2-5 Werktagen,2023-05-02 23:00:57.587943,Bio Getränk auf Mandelbasis,Hinweis zur Aufbewahrung: Ungekühlt haltbar durch Ultrahocherhitzung. Nach dem Öffnen im Kühlschrank aufbewahren und innerhalb von 4 Tagen verbrauchen.,"Verantwortliches Lebensmittelunternehmen:
Alnatura GmbH, Mahatma-Gandhi-Straße 7, 64295 Darmstadt","Zutatenverzeichnis: Wasser, MANDELN* 7 %, Meersalz. Kann Spuren von SOJA und NÜSSEN enthalten. *aus biologischer Landwirtschaft",146,36,"3,3","0,3","0,5","0,5","1,1","0,14",https://www.edeka24.de/Lebensmittel/Kaffee-Tee/Milch-Sahne-Alternativen/Alnatura-Bio-Naturland-Mandel-Drink-ungesuesst-1L.html,https://www.edeka24.de/out/pictures/generated/product/1/540_540_90/bio_alnatura_naturland_mandel_drink_ungesamp252amp223t_1l.jpg
249,Lebensmittel,Kaffee & Tee,"Milch, Sahne, -Alternativen",Minus L Sahne zum Kochen 15% 200G,"1,49 €","7,45 €/kg","inkl. MwSt., zzgl. 4.95 € Versandkosten.",lieferbar innerhalb von 2-5 Werktagen,2023-05-02 23:01:00.636996,-,Hinweis zur Aufbewahrung: Nach dem Öffnen im Kühlschrank aufbewahren und innerhalb weniger Tage verbrauchen.,"Verantwortliches Lebensmittelunternehmen:
Omira GmbH, Jahnstr. 10, 88214 Ravensburg","Zutatenverzeichnis: SAHNE, Laktase, Stabilisator: Carrageen",669,162,15,"9,8","3,8","3,8","2,9","0,08",https://www.edeka24.de/Lebensmittel/Kaffee-Tee/Milch-Sahne-Alternativen/Minus-L-Sahne-zum-Kochen-15-200G.html,https://www.edeka24.de/out/pictures/generated/product/1/540_540_90/minus_l_sahne_zum_kochen_15_200g.jpg
250,Lebensmittel,Kaffee & Tee,"Milch, Sahne, -Alternativen","Schwarzwaldmilch Bioland Haltbare Vollmilch 3,5% 1L","2,05 €","2,05 €/l","inkl. MwSt., zzgl. 4.95 € Versandkosten.",lieferbar innerhalb von 2-5 Werktagen,2023-05-02 23:01:03.851281,"Bio, H-Vollmilch 3,5% Fett ultrahocherhitzt, homogenisiert",,"Verantwortliches Lebensmittelunternehmen:
Schwarzwaldmilch GmbH Freiburg, Haslacher Str. 12, 79115 Freiburg",,275,66,"3,6","2,3","4,8","4,8","3,4","0,12",https://www.edeka24.de/Lebensmittel/Kaffee-Tee/Milch-Sahne-Alternativen/Schwarzwaldmilch-Bioland-Haltbare-Vollmilch-3-5-1L.html,https://www.edeka24.de/out/pictures/generated/product/1/540_540_90/40467005010301lsigbioh-milch35_f.jpg
251,Lebensmittel,Kaffee & Tee,"Milch, Sahne, -Alternativen",Bärenmarke Kondensmilch Die Leichte 4% Fett 340G,"1,59 €","4,68 €/kg","inkl. MwSt., zzgl. 4.95 € Versandkosten.",lieferbar innerhalb von 2-5 Werktagen,2023-05-02 23:01:07.192933,"Teilentrahmte Kondensmilch, wärmebehandelt, 4% Fett, 17% fettfreie Milchtrockenmasse.","Hinweis zur Aufbewahrung: Dose vor Gebrauch schütteln, nach dem Öffnen gekühlt aufbewahren.","Verantwortliches Lebensmittelunternehmen:
Bärenmarke Vertriebsgesellschaft mbH, Postfach 1154, D-84442 Mühldorf",Zutatenverzeichnis: fettarme MILCH. Enthält 60% weniger Fett als Kondensmilch mit 10% Fett.,99,415,4,"2,5","9,8","9,8","5,9","0,23",https://www.edeka24.de/Lebensmittel/Kaffee-Tee/Milch-Sahne-Alternativen/Baerenmarke-Kondensmilch-Die-Leichte-4-Fett-340G.html,https://www.edeka24.de/out/pictures/generated/product/1/540_540_90/brenmarke_kondensmilch_die_leichte_4_fett.jpg
252,Lebensmittel,Kaffee & Tee,"Milch, Sahne, -Alternativen",Landliebe Hafer Drink 1L,"2,29 €","2,29 €/l","inkl. MwSt., zzgl. 4.95 € Versandkosten.",lieferbar innerhalb von 2-5 Werktagen,2023-05-02 23:01:10.327073,"Haferdrink, angereichert mit Calcium und Vitaminen",Hinweis zur Aufbewahrung: Nach dem Öffnen auch gekühlt nur begrenzt haltbar.,"Verantwortliches Lebensmittelunternehmen:
Landliebe Molkereiprodukte GmbH, 74078 Heilbronn","Zutatenverzeichnis: Wasser, 10% glutenfreier HAFER, Erbsenproteinisolat, Sonnenblumenöl, Calciumsalze der Orthophosphorsäure, Säureregulator Kaliumphosphate, Meersalz, natürliches Aroma, Stabilisator Gellan, Vitamin B2 (=Riboflavin), Vitamin D, Vitamin B12.",194,46,"1,5","0,2","6,2","3,5","1,7","0,18",https://www.edeka24.de/Lebensmittel/Kaffee-Tee/Milch-Sahne-Alternativen/Landliebe-Hafer-Drink-1L.html,https://www.edeka24.de/out/pictures/generated/product/1/540_540_90/landliebe_hafer_drink_1l.jpg
254,Lebensmittel,Kaffee & Tee,Tee,Teekanne Magenfein Tee 20ST 40G,"2,99 €","74,75 €/kg","inkl. MwSt., zzgl. 4.95 € Versandkosten.",lieferbar innerhalb von 2-5 Werktagen,2023-05-02 23:01:16.941127,Kräutertee,Hinweis zur Aufbewahrung: Vor Wärme geschützt und trocken lagern,"Verantwortliches Lebensmittelunternehmen:
TEEKANNE GmbH & Co. KG, D-40526 Düsseldorf","Zutatenverzeichnis: Rotbusch, Anis, Fenchel, Kamille, Krauseminze, Pfefferminze",3,1,"0,1","0,1","0,1","0,1","0,1","0,01",https://www.edeka24.de/index.php?cl=details&anid=nic4ac35c3034b933.01294959&emcs0=3&emcs1=Kategorieseite%20-%20Topseller&emcs2=&emcs3=686323008,https://www.edeka24.de/out/pictures/generated/product/1/540_540_90/teekannemagenfein.jpg
255,Lebensmittel,Kaffee & Tee,Tee,Sir Winston Tea Broken Orange Pekoe lose 500G,"10,99 €","21,98 €/kg","inkl. MwSt., zzgl. 4.95 € Versandkosten.",lieferbar innerhalb von 2-5 Werktagen,2023-05-02 23:01:27.976674,Schwarzer Tee-Mischung,Hinweis zur Aufbewahrung: Vor Wärme geschützt und trocken lagern,"Verantwortliches Lebensmittelunternehmen:
Winston Tea Company LTD., 95, worship street, London EC2A 2BE",Zutatenverzeichnis: Zutaten: Schwarzer Tee,3,1,"0,1","0,1","0,1","0,1","0,2","0,01",https://www.edeka24.de/index.php?cl=details&anid=z1DeXThVjJzhKolGWBzBEd-1&emcs0=3&emcs1=Kategorieseite%20-%20Topseller&emcs2=&emcs3=134805009,https://www.edeka24.de/out/pictures/generated/product/1/540_540_90/sir_winston_tea_broken_orange_pekoe_lose_500g.jpg
256,Lebensmittel,Kaffee & Tee,Tee,Meßmer Tee Fenchel 25ST 75G,"1,95 €","26,00 €/kg","inkl. MwSt., zzgl. 4.95 € Versandkosten.",lieferbar innerhalb von 2-5 Werktagen,2023-05-02 23:01:32.370852,Fencheltee,Hinweis zur Aufbewahrung: Vor Wärme geschützt und trocken lagern,"Verantwortliches Lebensmittelunternehmen:
Meßmer Tee-Gesellschaft mbH, 21218 Seevetal Deutschland",Zutatenverzeichnis: Fenchel,3,1,0,0,"0,2","0,1",0,g,https://www.edeka24.de/index.php?cl=details&anid=faUU9E0Iox0t2JmGWBzBEd-1&emcs0=3&emcs1=Kategorieseite%20-%20Topseller&emcs2=&emcs3=121869007,https://www.edeka24.de/out/pictures/generated/product/1/540_540_90/memer_tee_fenchel_25x_3_g.jpg
258,Lebensmittel,Kaffee & Tee,Tee,"Meßmer Tee Kamille 25ST 37,5G","1,95 €","52,00 €/kg","inkl. MwSt., zzgl. 4.95 € Versandkosten.",lieferbar innerhalb von 2-5 Werktagen,2023-05-02 23:01:41.577524,Kamillentee,Hinweis zur Aufbewahrung: Vor Wärme geschützt und trocken lagern.,"Verantwortliches Lebensmittelunternehmen:
Meßmer Tee-Gesellschaft mbH, 21218 Seevetal Deutschland",Zutatenverzeichnis: Kamille,3,1,g,g,"0,2","0,1",0,g,https://www.edeka24.de/Lebensmittel/Kaffee-Tee/Tee/Messmer-Tee-Kamille-25ST-37-5G.html,https://www.edeka24.de/out/pictures/generated/product/1/540_540_90/memer_tee_kamille_25st_375g.jpg
259,Lebensmittel,Kaffee & Tee,Tee,"Meßmer Tee Pfefferminze klein 25ST 56,25G","1,95 €","34,70 €/kg","inkl. MwSt., zzgl. 4.95 € Versandkosten.",lieferbar innerhalb von 2-5 Werktagen,2023-05-02 23:01:48.102022,Pfefferminztee,Hinweis zur Aufbewahrung: Vor Wärme geschützt und trocken lagern.,"Verantwortliches Lebensmittelunternehmen:
Meßmer Tee-Gesellschaft mbH, 21218 Seevetal Deutschland",Zutatenverzeichnis: Pfefferminze,3,1,g,g,"0,2","0,1",0,g,https://www.edeka24.de/Lebensmittel/Kaffee-Tee/Tee/Messmer-Tee-Pfefferminze-klein-25ST-56-25G.html,https://www.edeka24.de/out/pictures/generated/product/1/540_540_90/memer_tee_pfefferminze_klein_25x_225_g.jpg
260,Lebensmittel,Kaffee & Tee,Tee,Meßmer Tee Früchte-Mischung 25ST 75G,"1,95 €","26,00 €/kg","inkl. MwSt., zzgl. 4.95 € Versandkosten.",lieferbar innerhalb von 2-5 Werktagen,2023-05-02 23:01:51.388612,Früchtetee,Hinweis zur Aufbewahrung: Vor Wärme geschützt und trocken lagern.,"Verantwortliches Lebensmittelunternehmen:
Meßmer Tee-Gesellschaft mbH, 21218 Seevetal Deutschland","Zutatenverzeichnis: Hibiskus, Hagebutten, Orangenschalen, Äpfel, Zitronenschalen, Holunderbeeren",10,2,0,g,"0,6","0,2",g,g,https://www.edeka24.de/Lebensmittel/Kaffee-Tee/Tee/Messmer-Tee-Fruechte-Mischung-25ST-75G.html,https://www.edeka24.de/out/pictures/generated/product/1/540_540_90/memer_tee_frchtemischung_25x_3_g.jpg
261,Lebensmittel,Kaffee & Tee,Tee,"Meßmer Tee Pfefferminze groß 50ST 112,5G","3,39 €","30,13 €/kg","inkl. MwSt., zzgl. 4.95 € Versandkosten.",lieferbar innerhalb von 2-5 Werktagen,2023-05-02 23:01:56.561970,Pfefferminztee,Hinweis zur Aufbewahrung: Vor Wärme geschützt und trocken lagern.,"Verantwortliches Lebensmittelunternehmen:
Meßmer Tee-Gesellschaft mbH, 21218 Seevetal Deutschland",Zutatenverzeichnis: Pfefferminze,3,1,"0,0","0,0","0,2","0,1","0,0",g,https://www.edeka24.de/Lebensmittel/Kaffee-Tee/Tee/Messmer-Tee-Pfefferminze-gross-50ST-112-5G.html,https://www.edeka24.de/out/pictures/generated/product/1/540_540_90/memer_tee_pfefferminze_gro_50x_225_g.jpg
262,Lebensmittel,Kaffee & Tee,Tee,Meßmer Tee Himbeere-Waldmeister 20ST 50G,"2,29 €","45,80 €/kg","inkl. MwSt., zzgl. 4.95 € Versandkosten.",lieferbar innerhalb von 2-5 Werktagen,2023-05-02 23:02:02.609577,Früchtetee aromatisiert Himbeere-Waldmeister-Geschmack,Hinweis zur Aufbewahrung: Kühl und trocken lagern.,"Verantwortliches Lebensmittelunternehmen:
Meßmer Tee-Gesellschaft mbH, 21218 Seevetal Deutschland","Zutatenverzeichnis: Hibiskus, Äpfel, Hagebutten, Orangenschalen, Zichorienwurzeln geröstet, Süßholzwurzeln, Aroma (Himbeere, Waldmeister), süße Brombeerblätter, Himbeeren, Waldmeisterkraut.",10,2,0,0,"0,6","0,2",0,0,https://www.edeka24.de/Lebensmittel/Kaffee-Tee/Tee/Messmer-Tee-Himbeere-Waldmeister-20ST-50G.html,https://www.edeka24.de/out/pictures/generated/product/1/540_540_90/memer_tee_himbeerewaldmeister_20x_25_g.jpg
263,Lebensmittel,Kaffee & Tee,Tee,Teekanne Spanische Orange 20ST 50G,"2,29 €","45,80 €/kg","inkl. MwSt., zzgl. 4.95 € Versandkosten.",lieferbar innerhalb von 2-5 Werktagen,2023-05-02 23:02:07.888192,"Früchtetee, aromatisiert - Orangen- und Pfirsichgeschmack",Hinweis zur Aufbewahrung: Vor Wärme geschützt und trocken lagern,"Verantwortliches Lebensmittelunternehmen:
TEEKANNE GmbH & Co. KG, D-40526 Düsseldorf","Zutatenverzeichnis: Äpfel, Hibiskus, süße Brombeerblätter, Orangenaroma,weißer Hibiskus, Orangen Saftkonzentrat, Süßholz, Pfirsicharoma",8,2,"0,1","0,1","0,3","0,2","0,2","0,01",https://www.edeka24.de/Lebensmittel/Kaffee-Tee/Tee/Teekanne-Spanische-Orange-20ST-50G.html,https://www.edeka24.de/out/pictures/generated/product/1/540_540_90/teekannespanorange.jpg
264,Lebensmittel,Kaffee & Tee,Tee,Meßmer Tee Fenchel-Anis-Kümmel 25ST 50G,"1,95 €","39,00 €/kg","inkl. MwSt., zzgl. 4.95 € Versandkosten.",lieferbar innerhalb von 2-5 Werktagen,2023-05-02 23:02:12.590929,Kräutertee,Hinweis zur Aufbewahrung: Vor Wärme geschützt und trocken lagern,"Verantwortliches Lebensmittelunternehmen:
Meßmer Tee-Gesellschaft mbH, 21218 Seevetal Deutschland","Zutatenverzeichnis: Fenchel, Anis, Kümmel",3,1,0,g,"0,2","0,1",g,g,https://www.edeka24.de/Lebensmittel/Kaffee-Tee/Tee/Messmer-Tee-Fenchel-Anis-Kuemmel-25ST-50G.html,https://www.edeka24.de/out/pictures/generated/product/1/540_540_90/memer_tee_fenchelaniskmmel_25x_2_g.jpg
265,Lebensmittel,Kaffee & Tee,Tee,"Meßmer Tee Traditionsmischung Klassik 25ST 43,8G","1,95 €","44,52 €/kg","inkl. MwSt., zzgl. 4.95 € Versandkosten.",lieferbar innerhalb von 2-5 Werktagen,2023-05-02 23:02:18.286380,Schwarzer Tee,Hinweis zur Aufbewahrung: Vor Wärme geschützt und trocken lagern,"Verantwortliches Lebensmittelunternehmen:
Meßmer Tee-Gesellschaft mbH, 21218 Seevetal Deutschland",Zutatenverzeichnis: Schwarzer Tee,3,1,"0,0","0,0","0,2","0,1",g,g,https://www.edeka24.de/Lebensmittel/Kaffee-Tee/Tee/Messmer-Tee-Traditionsmischung-Klassik-25ST-43-8G.html,https://www.edeka24.de/out/pictures/generated/product/1/540_540_90/memer_tee_traditionsmischung_klassik_25x_175_g.jpg
266,Lebensmittel,Kaffee & Tee,Tee,"Meßmer Grüner Tee klein 25ST 43,75G","1,95 €","44,52 €/kg","inkl. MwSt., zzgl. 4.95 € Versandkosten.",lieferbar innerhalb von 2-5 Werktagen,2023-05-02 23:02:23.998679,-,Hinweis zur Aufbewahrung: Vor Wärme geschützt und trocken lagern,"Verantwortliches Lebensmittelunternehmen:
Meßmer Tee-Gesellschaft mbH, 21218 Seevetal Deutschland",,3,1,g,0,"0,2","0,1",g,g,https://www.edeka24.de/Lebensmittel/Kaffee-Tee/Tee/Messmer-Gruener-Tee-klein-25ST-43-75G.html,https://www.edeka24.de/out/pictures/generated/product/1/540_540_90/memer_grner_tee_klein_25x_175_g.jpg
267,Lebensmittel,Kaffee & Tee,Tee,Meßmer Tee Fenchel 25ST 75G,"1,95 €","26,00 €/kg","inkl. MwSt., zzgl. 4.95 € Versandkosten.",lieferbar innerhalb von 2-5 Werktagen,2023-05-02 23:02:27.250522,Fencheltee,Hinweis zur Aufbewahrung: Vor Wärme geschützt und trocken lagern,"Verantwortliches Lebensmittelunternehmen:
Meßmer Tee-Gesellschaft mbH, 21218 Seevetal Deutschland",Zutatenverzeichnis: Fenchel,3,1,0,0,"0,2","0,1",0,g,https://www.edeka24.de/Lebensmittel/Kaffee-Tee/Tee/Messmer-Tee-Fenchel-25ST-75G.html,https://www.edeka24.de/out/pictures/generated/product/1/540_540_90/memer_tee_fenchel_25x_3_g.jpg
268,Lebensmittel,Kaffee & Tee,Tee,"Meßmer Tee Earl Grey 25ST 43,8G","1,95 €","44,52 €/kg","inkl. MwSt., zzgl. 4.95 € Versandkosten.",lieferbar innerhalb von 2-5 Werktagen,2023-05-02 23:02:30.611602,Schwarzer Tee aromatisiert Earl Grey,Hinweis zur Aufbewahrung: Vor Wärme geschützt und trocken lagern.,"Verantwortliches Lebensmittelunternehmen:
Meßmer Tee-Gesellschaft mbH, 21218 Seevetal Deutschland","Zutatenverzeichnis: Schwarzer Tee, natürliches Bergamotte- und Zitronen-Aroma mit anderen natürlichen Aromen.",3,1,g,g,"0,2","0,1",0,g,https://www.edeka24.de/Lebensmittel/Kaffee-Tee/Tee/Messmer-Tee-Earl-Grey-25ST-43-8G.html,https://www.edeka24.de/out/pictures/generated/product/1/540_540_90/memer_tee_feinster_earl_grey_25x_175_g.jpg
269,Lebensmittel,Kaffee & Tee,Tee,"Meßmer Tee Klassik Schwarztee 50ST 87,5G","3,39 €","38,74 €/kg","inkl. MwSt., zzgl. 4.95 € Versandkosten.",lieferbar innerhalb von 2-5 Werktagen,2023-05-02 23:02:34.669232,Schwarzer Tee,Hinweis zur Aufbewahrung: Vor Wärme geschützt und trocken lagern,"Verantwortliches Lebensmittelunternehmen:
Meßmer Tee-Gesellschaft mbH, 21218 Seevetal Deutschland",Zutatenverzeichnis: Schwarzer Tee,3,1,"0,0","0,0","0,2","0,1","0,0",g,https://www.edeka24.de/Lebensmittel/Kaffee-Tee/Tee/Messmer-Tee-Klassik-Schwarztee-50ST-87-5G.html,https://www.edeka24.de/out/pictures/generated/product/1/540_540_90/memer_tee_klassik_schwarztee_50x_175_g.jpg
270,Lebensmittel,Kaffee & Tee,Tee,"Meßmer Sprung ins Zauberland 18ST 40,5G","2,39 €","59,75 €/kg","inkl. MwSt., zzgl. 4.95 € Versandkosten.",lieferbar innerhalb von 2-5 Werktagen,2023-05-02 23:02:38.935659,Früchtetee mit Minze aromatisiert Erdbeeren-Geschmack,Hinweis zur Aufbewahrung: Vor wärme geschützt und trocken lagern.,"Verantwortliches Lebensmittelunternehmen:
Meßmer Tee-Gesellschaft mbH, Bosteler Feld 6, 21218 Seevetal","Zutatenverzeichnis: Hibiskus*, Äpfel*, Pfefferminze* (15%), Hagebutten*, Süßkaut, Zichorienwurzeln geröstet, Rote Bete, Aroma, Erdbeeren, süße Brombeerblätter. *50% Rainforest Alliance Certified",10,2,0,0,"0,6","0,2",0,0,https://www.edeka24.de/Lebensmittel/Kaffee-Tee/Tee/Messmer-Sprung-ins-Zauberland-18ST-40-5G.html,https://www.edeka24.de/out/pictures/generated/product/1/540_540_90/meamp223mer_sprung_ins_zauberland_18st_405g.jpg
271,Lebensmittel,Kaffee & Tee,Tee,Meßmer Tee Milde Hagebuttenmischung 25ST 75G,"1,95 €","26,00 €/kg","inkl. MwSt., zzgl. 4.95 € Versandkosten.",lieferbar innerhalb von 2-5 Werktagen,2023-05-02 23:02:41.344414,Früchtetee,Hinweis zur Aufbewahrung: Vor Wärme geschützt und trocken lagern,"Verantwortliches Lebensmittelunternehmen:
Meßmer Tee-Gesellschaft mbH, 21218 Seevetal Deutschland","Zutatenverzeichnis: Hagebutten, Hibiskus, süße Brombeerblätter",10,2,"0,0",g,"0,6","0,2",g,g,https://www.edeka24.de/Lebensmittel/Kaffee-Tee/Tee/Messmer-Tee-Milde-Hagebuttenmischung-25ST-75G.html,https://www.edeka24.de/out/pictures/generated/product/1/540_540_90/memer_tee_milde_hagebuttenmischung_25st_75g.jpg
272,Lebensmittel,Kaffee & Tee,Tee,Teekanne 8 Kräuter 20ST 40G,"2,19 €","54,75 €/kg","inkl. MwSt., zzgl. 4.95 € Versandkosten.",lieferbar innerhalb von 2-5 Werktagen,2023-05-02 23:02:43.801387,Kräutertee,Hinweis zur Aufbewahrung: Vor Wärme geschützt und trocken lagern,"Verantwortliches Lebensmittelunternehmen:
TEEKANNE GmbH & Co. KG, D-40526 Düsseldorf","Zutatenverzeichnis: Rotbusch, Brombeerblätter, Zitronenverbene, Pfefferminze, Kamille, Fenchel, Süßholz, Zimt",3,1,"0,1","0,1","0,1","0,1","0,1","0,01",https://www.edeka24.de/Lebensmittel/Kaffee-Tee/Tee/Teekanne-8-Kraeuter-20ST-40G.html,https://www.edeka24.de/out/pictures/generated/product/1/540_540_90/teekanne8herbs.jpg
273,Lebensmittel,Kaffee & Tee,Tee,Meßmer Tee 6-Kräuter Mischung 25ST 50G,"1,95 €","39,00 €/kg","inkl. MwSt., zzgl. 4.95 € Versandkosten.",lieferbar innerhalb von 2-5 Werktagen,2023-05-02 23:02:46.946635,Kräutertee,Hinweis zur Aufbewahrung: Vor Wärme geschützt und trocken lagern.,"Verantwortliches Lebensmittelunternehmen:
Meßmer Tee-Gesellschaft mbH, 21218 Seevetal Deutschland","Zutatenverzeichnis: Hibiskus, Citronengras, Brombeerblätter, Hagebutten, Pfefferminze, Zitronenverbenenblätter",3,1,"0,0","0,0","0,2","0,1",g,g,https://www.edeka24.de/Lebensmittel/Kaffee-Tee/Tee/Messmer-Tee-6-Kraeuter-Mischung-25ST-50G.html,https://www.edeka24.de/out/pictures/generated/product/1/540_540_90/memer_tee_6kruter_mischung_25x_2_g.jpg
275,Lebensmittel,Kaffee & Tee,Tee,Meßmer Tee Holunder-Kirsche 20ST 55G,"2,29 €","41,64 €/kg","inkl. MwSt., zzgl. 4.95 € Versandkosten.",lieferbar innerhalb von 2-5 Werktagen,2023-05-02 23:02:53.086093,Früchtetee aromatisiert Holunder-Kirsche-Geschmack,Hinweis zur Aufbewahrung: Kühl und trocken lagern.,"Verantwortliches Lebensmittelunternehmen:
Meßmer Tee-Gesellschaft mbH, 21218 Seevetal Deutschland","Zutatenverzeichnis: Hibiskus, Hagebutten, Äpfel, Holunderbeeren, Orangenblätter, Orangenschalen, Aroma (Holunder, Kirsche), Süßholzwurzeln, Holunderblüten, Kirschsaftgranulat (Maltodextrin, Kirschsaftkonzentrat)",10,2,0,0,"0,6","0,2",0,0,https://www.edeka24.de/Lebensmittel/Kaffee-Tee/Tee/Messmer-Tee-Holunder-Kirsche-20ST-55G.html,https://www.edeka24.de/out/pictures/generated/product/1/540_540_90/memer_tee_holunderkirsche_20x_25_g.jpg
277,Lebensmittel,Kaffee & Tee,Tee,"Meßmer Grüner Tee Zitrone 25ST 43,8G","2,39 €","54,57 €/kg","inkl. MwSt., zzgl. 4.95 € Versandkosten.",lieferbar innerhalb von 2-5 Werktagen,2023-05-02 23:02:59.655579,Grüner Tee aromatisiert Zitronen-Geschmack,Hinweis zur Aufbewahrung: Vor Wärme geschützt und trocken lagern,"Verantwortliches Lebensmittelunternehmen:
Meßmer Tee-Gesellschaft mbH, 21218 Seevetal Deutschland","Zutatenverzeichnis: Grüner Tee, natürliches Zitronen-Aroma mit anderen natürlichen Aromen, Zitronenschalen",3,1,g,"0,0","0,2","0,1","0,0",g,https://www.edeka24.de/Lebensmittel/Kaffee-Tee/Tee/Messmer-Gruener-Tee-Zitrone-25ST-43-8G.html,https://www.edeka24.de/out/pictures/generated/product/1/540_540_90/memer_grner_tee_zitrone_25x_175_g.jpg
278,Lebensmittel,Kaffee & Tee,Tee,Teekanne Minze 20ST 45G,"2,19 €","48,67 €/kg","inkl. MwSt., zzgl. 4.95 € Versandkosten.",lieferbar innerhalb von 2-5 Werktagen,2023-05-02 23:03:03.126230,Pfefferminztee,Hinweis zur Aufbewahrung: Vor Wärme geschützt und trocken lagern,"Verantwortliches Lebensmittelunternehmen:
TEEKANNE GmbH & Co. KG, D-40526 Düsseldorf",Zutatenverzeichnis: Pfefferminze,1,3,"0,1","0,1","0,1","0,1","0,1","0,01",https://www.edeka24.de/Lebensmittel/Kaffee-Tee/Tee/Teekanne-Minze-20ST-45G.html,https://www.edeka24.de/out/pictures/generated/product/1/540_540_90/teekannemint.jpg
279,Lebensmittel,Kaffee & Tee,Tee,Teekanne Marokkanische Minze 20ST 36G,"2,29 €","63,61 €/kg","inkl. MwSt., zzgl. 4.95 € Versandkosten.",lieferbar innerhalb von 2-5 Werktagen,2023-05-02 23:03:06.782086,Marokkanische Minzteemischung,Hinweis zur Aufbewahrung: Vor Wärme geschützt und trocken lagern,"Verantwortliches Lebensmittelunternehmen:
TEEKANNE GmbH & Co. KG, D-40526 Düsseldorf","Zutatenverzeichnis: Marokkanische Minze, Pfefferminze",3,1,"0,1","0,1","0,1","0,1","0,1","0,01",https://www.edeka24.de/Lebensmittel/Kaffee-Tee/Tee/Teekanne-Marokkanische-Minze-20ST-36G.html,https://www.edeka24.de/out/pictures/generated/product/1/540_540_90/teekannemarokk.jpg
280,Lebensmittel,Kaffee & Tee,Tee,Teekanne Magenfein Tee 20ST 40G,"2,99 €","74,75 €/kg","inkl. MwSt., zzgl. 4.95 € Versandkosten.",lieferbar innerhalb von 2-5 Werktagen,2023-05-02 23:03:10.116827,Kräutertee,Hinweis zur Aufbewahrung: Vor Wärme geschützt und trocken lagern,"Verantwortliches Lebensmittelunternehmen:
TEEKANNE GmbH & Co. KG, D-40526 Düsseldorf","Zutatenverzeichnis: Rotbusch, Anis, Fenchel, Kamille, Krauseminze, Pfefferminze",3,1,"0,1","0,1","0,1","0,1","0,1","0,01",https://www.edeka24.de/Lebensmittel/Kaffee-Tee/Tee/Teekanne-Magenfein-Tee-20ST-40G.html,https://www.edeka24.de/out/pictures/generated/product/1/540_540_90/teekannemagenfein.jpg
281,Lebensmittel,Kaffee & Tee,Tee,Teekanne Türkischer Apfel 20ST 55G,"2,29 €","41,64 €/kg","inkl. MwSt., zzgl. 4.95 € Versandkosten.",lieferbar innerhalb von 2-5 Werktagen,2023-05-02 23:03:13.457361,"Apfelteemischung, aromatisiert - Apfel- und Feigengeschmack",Hinweis zur Aufbewahrung: Vor Wärme geschützt und trocken lagern,"Verantwortliches Lebensmittelunternehmen:
TEEKANNE GmbH & Co. KG, D-40526 Düsseldorf","Zutatenverzeichnis: Äpfel, süße Brombeerblätter, Hagebutten, Orangenschalen, Süßholz, Apfelaroma, Hibiskus, Säuerungsmittel: Citronensäure, Feigenaroma",2,8,"0,1","0,1","0,3","0,2","0,2","0,01",https://www.edeka24.de/Lebensmittel/Kaffee-Tee/Tee/Teekanne-Tuerkischer-Apfel-20ST-55G.html,https://www.edeka24.de/out/pictures/generated/product/1/540_540_90/tktrkischerapfel.jpg
282,Lebensmittel,Kaffee & Tee,Tee,Meßmer Tee Brennnessel-Mischung 25ST 50G,"1,95 €","39,00 €/kg","inkl. MwSt., zzgl. 4.95 € Versandkosten.",lieferbar innerhalb von 2-5 Werktagen,2023-05-02 23:03:16.679181,Kräutertee,Hinweis zur Aufbewahrung: Vor Wärme geschützt und trocken lagern,"Verantwortliches Lebensmittelunternehmen:
Meßmer Tee-Gesellschaft mbH, 21218 Seevetal Deutschland","Zutatenverzeichnis: Brennnesseln, Brombeerblätter, Süßholzwurzeln, Fenchel",3,1,g,g,"0,2","0,1",0,g,https://www.edeka24.de/Lebensmittel/Kaffee-Tee/Tee/Messmer-Tee-Brennnessel-Mischung-25ST-50G.html,https://www.edeka24.de/out/pictures/generated/product/1/540_540_90/memer_tee_brennnesselmischung_25x_2_g.jpg
284,Lebensmittel,Kaffee & Tee,Tee,Meßmer Ägyptischer Granatapfel 20ST 50G,"2,29 €","45,80 €/kg","inkl. MwSt., zzgl. 4.95 € Versandkosten.",lieferbar innerhalb von 2-5 Werktagen,2023-05-02 23:03:23.914315,-,,"Verantwortliches Lebensmittelunternehmen:
Meßmer Tee-Gesellschaft mbH, D-212218 Seevetal","Zutatenverzeichnis: Hibiskus, Zitronengras, Äpfel, Orangenschalen, süße Brombeerblätter, Zitronenverbenenblätter, Aroma, Holunderbeeren, Brombeerblätter, Granatapfelsaftgranulat (Maltodextrin, Granatapfelsaftkonzentrat), Honiggranulat (Maltodextrin, Honig).",10,2,0,0,"0,6","0,2",0,0,https://www.edeka24.de/Lebensmittel/Kaffee-Tee/Tee/Messmer-Aegyptischer-Granatapfel-20ST-50G.html,https://www.edeka24.de/out/pictures/generated/product/1/540_540_90/memer_gyptischer_granatapfel_20_stck_50g.jpg
285,Lebensmittel,Kaffee & Tee,Tee,Meßmer Tee Rooibos Karamell 20ST 40G,"2,29 €","57,25 €/kg","inkl. MwSt., zzgl. 4.95 € Versandkosten.",lieferbar innerhalb von 2-5 Werktagen,2023-05-02 23:03:27.359839,Rooibostee mit Karamell-Aroma,Hinweis zur Aufbewahrung: Vor Wärme geschützt und trocken lagern.,,"Zutatenverzeichnis: Rooibos (89%), Aroma, süße Brombeerblätter, Karamellgranulat (Maltodextrin, karamellisierter Zucker).",3,1,0,0,"0,2","0,1",0,0,https://www.edeka24.de/Lebensmittel/Kaffee-Tee/Tee/Messmer-Tee-Rooibos-Karamell-20ST-40G.html,https://www.edeka24.de/out/pictures/generated/product/1/540_540_90/memer_tee_rooibos_karamell_20x_2_g.jpg
286,Lebensmittel,Kaffee & Tee,Tee,Meßmer Wohlfühltee Energie Ingwer-Holunderblüte 20ST 40G,"2,49 €","62,25 €/kg","inkl. MwSt., zzgl. 4.95 € Versandkosten.",lieferbar innerhalb von 2-5 Werktagen,2023-05-02 23:03:31.127271,Kräutertee mit Ingwer und Holunderblüten,Hinweis zur Aufbewahrung: Kühl und trocken lagern.,"Verantwortliches Lebensmittelunternehmen:
Meßmer Tee-Gesellschaft mbH, 21218 Seevetal Deutschland","Zutatenverzeichnis: Ingwer (16%), Krauseminze, Pfefferminze, Zitronengras, Brombeerblätter, Holunderblüten (8%), süße Brombeerblätter, Zimt, Rooibos, Ginseng.",3,1,0,0,"0,2","0,1",0,0,https://www.edeka24.de/Lebensmittel/Kaffee-Tee/Tee/Messmer-Wohlfuehltee-Energie-Ingwer-Holunderbluete-20ST-40G.html,https://www.edeka24.de/out/pictures/generated/product/1/540_540_90/memer_wohlfhltee_energie_ingwerholunderblte_20x_2_g.jpg
287,Lebensmittel,Kaffee & Tee,Tee,Krüger Chai Latte Classic India Typ Vanille-Zimt 10ST 250G,"3,49 €","13,96 €/kg","inkl. MwSt., zzgl. 4.95 € Versandkosten.",lieferbar innerhalb von 2-5 Werktagen,2023-05-02 23:03:34.361557,"Instant-Zubereitung für Teegetränke, aromatisiert mit Vanille-Zimt-Geschmack.",Hinweis zur Aufbewahrung: Trocken lagern.,"Verantwortliches Lebensmittelunternehmen:
Krüger GmbH & Co. KG, 51469 Bergisch Gladbach","Zutatenverzeichnis: Zucker, SÜSSMOLKENPULVER, Kokosfett, MAGERMILCHPULVER (7,4%), Schwarztee-Extrakt kaltwasserlöslich (2%), Aromen (enthalten MILCH), Stabilisator Natriumphosphate, Zimt, Salz.",424,1786,"11,3","10,4",73,"71,9","7,1","1,68",https://www.edeka24.de/Lebensmittel/Kaffee-Tee/Tee/Krueger-Chai-Latte-Classic-India-Typ-Vanille-Zimt-10ST-250G.html,https://www.edeka24.de/out/pictures/generated/product/1/540_540_90/krgerchailattevanille-zimt.jpg
288,Lebensmittel,Kaffee & Tee,Tee,Meßmer Tee Brennessel-Mango 20ST 35G,"2,29 €","65,43 €/kg","inkl. MwSt., zzgl. 4.95 € Versandkosten.",lieferbar innerhalb von 2-5 Werktagen,2023-05-02 23:03:37.489998,Kräutertee mit Brennnesseln aromatisiert Mango-Geschmack,Hinweis zur Aufbewahrung: Kühl und trocken lagern.,"Verantwortliches Lebensmittelunternehmen:
Meßmer Tee-Gesellschaft mbH, 21218 Seevetal Deutschland","Zutatenverzeichnis: Zitronengras, Brombeerblätter, Brennnesseln (20%), Orangenblätter, Pfefferminze, süße Brombeerblätter, Aroma (Mango), Mangosaftgranulat (Maltodextrin, Mangosaftkonzentrat).",3,1,0,0,"0,2","0,1",0,0,https://www.edeka24.de/Lebensmittel/Kaffee-Tee/Tee/Messmer-Tee-Brennessel-Mango-20ST-35G.html,https://www.edeka24.de/out/pictures/generated/product/1/540_540_90/memer_tee_brennesselmango_20x_175_g.jpg
289,Lebensmittel,Kaffee & Tee,Tee,Meßmer Kanadische Süsse Cranberry 20ST 45G,"2,29 €","50,89 €/kg","inkl. MwSt., zzgl. 4.95 € Versandkosten.",lieferbar innerhalb von 2-5 Werktagen,2023-05-02 23:03:41.522734,Früchtetee aromatisiert Cranberry-Ahornsirup-Geschmack,Hinweis zur Aufbewahrung: Vor Wärme geschützt und trocken lagern.,"Verantwortliches Lebensmittelunternehmen:
Meßmer Tee-Gesellschaft mbH, Bosteler Feld 6, 21218 Seevetal","Zutatenverzeichnis: Hibiskus*, Äpfel*, Aroma, Orangenschalen*, Hagebutten*, Süßkraut, Zichorienwurzeln geröstet, süße Brombeerblätter, Cranberrysaftgranulat (Maltodextrin, Cranberrysaftkonzentrat), Ahornsirupgranulat. *50% Rainforest Alliance Certified",10,2,0,0,"0,6","0,2",0,0,https://www.edeka24.de/Lebensmittel/Kaffee-Tee/Tee/Messmer-Kanadische-Suesse-Cranberry-20ST-45G.html,https://www.edeka24.de/out/pictures/generated/product/1/540_540_90/meamp223mer_kanadische_samp252amp223e_cranberry_20st_45g.jpg
290,Lebensmittel,Kaffee & Tee,Tee,Teekanne Apfel 20ST 60G,"2,19 €","36,50 €/kg","inkl. MwSt., zzgl. 4.95 € Versandkosten.",lieferbar innerhalb von 2-5 Werktagen,2023-05-02 23:03:44.989399,"Apfelteemischung, vitaminisiert und aromatisiert - Apfelge-",Hinweis zur Aufbewahrung: Vor Wärme geschützt und trocken lagern,"Verantwortliches Lebensmittelunternehmen:
TEEKANNE GmbH & Co. KG, D-40526 Düsseldorf","Zutatenverzeichnis: Äpfel, Hagebutten, Orangenschalen, Hibiskus, Säureungsmittel Citronensäure, Apfelaroma, Säuerungsmittel Äpfelsäure, Zitronenschalen, Vitamin C",2,8,"0,1","0,1","0,3","0,2","0,2","0,01",https://www.edeka24.de/Lebensmittel/Kaffee-Tee/Tee/Teekanne-Apfel-20ST-60G.html,https://www.edeka24.de/out/pictures/generated/product/1/540_540_90/teekanneabfall.jpg
291,Lebensmittel,Kaffee & Tee,Tee,Teekanne Früchte-Mischung 20ST 60G,"2,19 €","36,50 €/kg","inkl. MwSt., zzgl. 4.95 € Versandkosten.",lieferbar innerhalb von 2-5 Werktagen,2023-05-02 23:03:49.687705,Früchtetee,Hinweis zur Aufbewahrung: Vor Wärme geschützt und trocken lagern,"Verantwortliches Lebensmittelunternehmen:
TEEKANNE GmbH & Co. KG, D-40526 Düsseldorf","Zutatenverzeichnis: Hagebutten, Hibiskus, Äpfel, Orangenschalen, Holunderbeeren, Pfefferminze",8,2,"0,1","0,1","0,3","0,2","0,2","0,01",https://www.edeka24.de/Lebensmittel/Kaffee-Tee/Tee/Teekanne-Fruechte-Mischung-20ST-60G.html,https://www.edeka24.de/out/pictures/generated/product/1/540_540_90/teekannefrootmischung.jpg
293,Lebensmittel,Kaffee & Tee,Tee,Teekanne Griechische Aprikose 20ST 45G,"2,29 €","50,89 €/kg","inkl. MwSt., zzgl. 4.95 € Versandkosten.",lieferbar innerhalb von 2-5 Werktagen,2023-05-02 23:04:02.656720,Aromatisierter Früchtetee mit Aprikosen- und Honig-Aroma,Hinweis zur Aufbewahrung: Vor Wärme geschützt und trocken lagern.,"Verantwortliches Lebensmittelunternehmen:
Teekanne GmbH & Co. KG, Postfach 270351, 40526 Düsseldorf","Zutatenverzeichnis: Hagebutte, Äpfel, Säuerungsmittel: Citronensäure, Aprikosenaroma, Steviablätter, Aprikosengranulat, Honigaroma, Honiggranulat",8,2,0,0,"0,4",0,0,0,https://www.edeka24.de/Lebensmittel/Kaffee-Tee/Tee/Teekanne-Griechische-Aprikose-20ST-45G.html,https://www.edeka24.de/out/pictures/generated/product/1/540_540_90/teekanne_griechische_aprikose_20st_45g.jpg
294,Lebensmittel,Kaffee & Tee,Tee,Ricola Schweizer Kräutertee 200G,"3,99 €","19,95 €/kg","inkl. MwSt., zzgl. 4.95 € Versandkosten.",lieferbar innerhalb von 2-5 Werktagen,2023-05-02 23:04:06.346005,Instant-Kräuterteezubereitung,"Hinweis zur Aufbewahrung: Vor Wärme und Feuchtigkeit geschützt aufbewahren. Dose nach Gebrauch wieder gut verschließen. Zubereitung: Zwei bis drei Teelöffel Granulat in die Tasse geben, heißes Wasser zugießen, umrühren-fertig.","Verantwortliches Lebensmittelunternehmen:
Vertrieb für Deutschland: Klosterfrau, 50670 Köln","Zutatenverzeichnis: Zucker, Traubenzucker, Kräuterauszug (2,7%) aus Spitzwegerich, Eibisch, Pfefferminze, Thymian, Salbei, Frauenmantel, Schafgarbe, Bibernelle, Malve, Holunderblüten, Schlüsselblume, Ehrenpreis, Andorn, Karmelzucker, natürliches Minzaroma.",1630,390,0,0,96,94,0,0,https://www.edeka24.de/Lebensmittel/Kaffee-Tee/Tee/Ricola-Schweizer-Kraeutertee-200G.html,https://www.edeka24.de/out/pictures/generated/product/1/540_540_90/schweizerkrutertee_300_p1.jpg
296,Lebensmittel,Kaffee & Tee,Tee,Meßmer Ibiza Dream Süße Kirsche 20ST 50G,"2,29 €","45,80 €/kg","inkl. MwSt., zzgl. 4.95 € Versandkosten.",lieferbar innerhalb von 2-5 Werktagen,2023-05-02 23:04:12.344793,Früchtetee aromatisiert Kirsch-Geschmack,Hinweis zur Aufbewahrung: Vor Wärme geschützt und trocken lagern.,"Verantwortliches Lebensmittelunternehmen:
Meßmer Tee-Gesellschaft mbH, Bosteler Feld 6, 21218 Seevetal","Zutatenverzeichnis: Hagebutten*, Hibiskus*, Aroma, süße Brombeerblätter, Süßkraut, Kirschsaftgranulat (Maltodextrin, Kirschsaftkonzentrat). *50% Rainforest Alliance Certified",10,2,0,0,"0,6","0,2",0,0,https://www.edeka24.de/Lebensmittel/Kaffee-Tee/Tee/Messmer-Ibiza-Dream-Suesse-Kirsche-20ST-50G.html,https://www.edeka24.de/out/pictures/generated/product/1/540_540_90/meamp223mer_ibiza_dream_samp252amp223e_kirsche_20st_50g.jpg
298,Lebensmittel,Kaffee & Tee,Tee,Gut &Günstig Ingwer Tee 25ST 50G,"1,29 €","25,80 €/kg","inkl. MwSt., zzgl. 4.95 € Versandkosten.",lieferbar innerhalb von 2-5 Werktagen,2023-05-02 23:04:18.205089,Ingwertee,Hinweis zur Aufbewahrung: Vor Wärme geschützt und trocken lagern.,"Verantwortliches Lebensmittelunternehmen:
EDEKA ZENTRALE Stiftung & Co. KG, D-22291 Hamburg",Zutatenverzeichnis: 100% Ingwer.,,,,,,,,,https://www.edeka24.de/Lebensmittel/Kaffee-Tee/Tee/Gut-Guenstig-Ingwer-Tee-25ST-50G.html,https://www.edeka24.de/out/pictures/generated/product/1/540_540_90/gutampampgamp220nstig_ingwer_tee_25x2g.jpg
299,Lebensmittel,Kaffee & Tee,Tee,Teekanne Malve 20ST 40G,"2,19 €","54,75 €/kg","inkl. MwSt., zzgl. 4.95 € Versandkosten.",lieferbar innerhalb von 2-5 Werktagen,2023-05-02 23:04:22.560000,Hibiskustee,Hinweis zur Aufbewahrung: Vor Wärme geschützt und trocken lagern,"Verantwortliches Lebensmittelunternehmen:
TEEKANNE GmbH & Co. KG, D-40526 Düsseldorf",Zutatenverzeichnis: Hibiskus,1,3,"0,1","0,1","0,1","0,1","0,1","0,01",https://www.edeka24.de/Lebensmittel/Kaffee-Tee/Tee/Teekanne-Malve-20ST-40G.html,https://www.edeka24.de/out/pictures/generated/product/1/540_540_90/teekannemalve.jpg
300,Lebensmittel,Kaffee & Tee,Tee,Teekanne Spritzige Minze Zitrone 20ST 30G,"2,19 €","73,00 €/kg","inkl. MwSt., zzgl. 4.95 € Versandkosten.",lieferbar innerhalb von 2-5 Werktagen,2023-05-02 23:04:26.033855,"Pfefferminztee, aromatisiert - Zitronengeschmack",Hinweis zur Aufbewahrung: Vor Wärme geschützt und trocken lagern,"Verantwortliches Lebensmittelunternehmen:
TEEKANNE GmbH & Co. KG, D-40526 Düsseldorf","Zutatenverzeichnis: Pfefferminze, Zitronenaroma, Säuerungsmittel: Citronensäure",1,3,"0,1","0,1","0,1","0,1","0,1","0,01",https://www.edeka24.de/Lebensmittel/Kaffee-Tee/Tee/Teekanne-Spritzige-Minze-Zitrone-20ST-30G.html,https://www.edeka24.de/out/pictures/generated/product/1/540_540_90/teekanneminzitrone.jpg
301,Lebensmittel,Kaffee & Tee,Tee,Meßmer Tee Apfel-Limette 20ST 50G,"2,29 €","45,80 €/kg","inkl. MwSt., zzgl. 4.95 € Versandkosten.",lieferbar innerhalb von 2-5 Werktagen,2023-05-02 23:04:29.403412,Früchtetee aromatisiert Apfel-Limetten-Geschmack,Hinweis zur Aufbewahrung: Kühl und trocken lagern.,"Verantwortliches Lebensmittelunternehmen:
Meßmer Tee-Gesellschaft mbH, 21218 Seevetal Deutschland","Zutatenverzeichnis: Weißer Hibiskus, Äpfel, Zitronengras, Orangenschalen, Hagebutten, Aroma (Apfel, Limette), Steviablätter, Zichorienwurzeln geröstet, Limettenschalen.",10,2,0,0,"0,6","0,2",0,0,https://www.edeka24.de/Lebensmittel/Kaffee-Tee/Tee/Messmer-Tee-Apfel-Limette-20ST-50G.html,https://www.edeka24.de/out/pictures/generated/product/1/540_540_90/memer_tee_apfellimette_20x_25_g.jpg
303,Lebensmittel,Kaffee & Tee,Tee,"Meßmer Tee Feinster Darjeeling 25ST 43,8G","1,95 €","44,52 €/kg","inkl. MwSt., zzgl. 4.95 € Versandkosten.",lieferbar innerhalb von 2-5 Werktagen,2023-05-02 23:04:36.083393,Schwarzer Tee,Hinweis zur Aufbewahrung: Vor Wärme geschützt und trocken lagern,"Verantwortliches Lebensmittelunternehmen:
Meßmer Tee-Gesellschaft mbH, 21218 Seevetal Deutschland",Zutatenverzeichnis: Schwarzer Tee,3,1,g,g,"0,2","0,1",g,g,https://www.edeka24.de/Lebensmittel/Kaffee-Tee/Tee/Messmer-Tee-Feinster-Darjeeling-25ST-43-8G.html,https://www.edeka24.de/out/pictures/generated/product/1/540_540_90/memer_tee_feinster_darjeeling_25x_175_g.jpg
308,Lebensmittel,Kaffee & Tee,Tee,Bad Heilbrunner Erkältungstee 8ST 16G,"1,49 €","93,13 €/kg","inkl. MwSt., zzgl. 4.95 € Versandkosten.",lieferbar innerhalb von 2-5 Werktagen,2023-05-02 23:04:50.804761,Arzneitee zum Einnehmen nach Bereitung eines Teeaufgusses,"Hinweis zur Aufbewahrung: Nicht über 30°c und nur in der Originalpackung lagern, um den Inhalt vor Licht und Feuchtigkeit zu schützen. Für Kinder unzugänglich aufbewahren.","Verantwortliches Lebensmittelunternehmen:
Bad Heilbrunner Naturheilmittel GmbH & Co. KG, Am Krebsenbach 5-7, D 83670 Bad Heilbrunn",,,,,,,,,,https://www.edeka24.de/Lebensmittel/Kaffee-Tee/Tee/Bad-Heilbrunner-Erkaeltungstee-8ST-16G.html,https://www.edeka24.de/out/pictures/generated/product/1/540_540_90/badherkkltungstee.jpg
309,Lebensmittel,Kaffee & Tee,Tee,"Meßmer Tee Earl Grey 50ST 87,5G","3,39 €","38,74 €/kg","inkl. MwSt., zzgl. 4.95 € Versandkosten.",lieferbar innerhalb von 2-5 Werktagen,2023-05-02 23:04:58.318486,Schwarzer Tee aromatisiert Earl Grey,Hinweis zur Aufbewahrung: Vor Wärme geschützt und trocken lagern.,"Verantwortliches Lebensmittelunternehmen:
Meßmer Tee-Gesellschaft mbH, 21218 Seevetal Deutschland","Zutatenverzeichnis: Schwarzer Tee, natürliches Bergamotte- und Zitronenaroma mit anderen natürlichen Aromen",3,1,g,g,"0,2","0,1",g,g,https://www.edeka24.de/Lebensmittel/Kaffee-Tee/Tee/Messmer-Tee-Earl-Grey-50ST-87-5G.html,https://www.edeka24.de/out/pictures/generated/product/1/540_540_90/002299.png
310,Lebensmittel,Kaffee & Tee,Tee,Meßmer Nordische Beeren 20ST 50G,"2,29 €","45,80 €/kg","inkl. MwSt., zzgl. 4.95 € Versandkosten.",lieferbar innerhalb von 2-5 Werktagen,2023-05-02 23:05:02.661224,Früchtetee aromatisiert Beeren-Geschmack,Hinweis zur Aufbewahrung: Vor Wärme geschützt und trocken lagern.,"Verantwortliches Lebensmittelunternehmen:
Meßmer Tee-Gesellschaft mbH, Bosteler Feld 6, 21218 Seevetal","Zutatenverzeichnis: Hagebutten*, Hibiskus*, Aroma, Süßkraut, Pfefferminze*, Brombeeren, Erdbeeren, Heidelbeeren*, Preiselbeeren, schwarze Johannisbeeren, Himbeeren. *50% Rainforest Alliance Certified",10,2,0,0,"0,6","0,2",0,0,https://www.edeka24.de/Lebensmittel/Kaffee-Tee/Tee/Messmer-Nordische-Beeren-20ST-50G.html,https://www.edeka24.de/out/pictures/generated/product/1/540_540_90/meamp223mer_nordische_beeren_20st_50g.jpg
311,Lebensmittel,Kaffee & Tee,Tee,Meßmer Tee Aprikose-Pfirsich 20ST 50G,"2,29 €","41,64 €/kg","inkl. MwSt., zzgl. 4.95 € Versandkosten.",lieferbar innerhalb von 2-5 Werktagen,2023-05-02 23:05:06.658406,Früchtetee aromatisiert Aprikose-Pfirsich-Geschmack,Hinweis zur Aufbewahrung: Kühl und trocken lagern.,"Verantwortliches Lebensmittelunternehmen:
Meßmer Tee-Gesellschaft mbH, 21218 Seevetal Deutschland","Zutatenverzeichnis: Äpfel, Hagebutten, Aroma, weißer Hibiskus, Säuerungsmittel: Citronensäure, süße Brombeerblätter, Süßkraut, Aprikosensaftgranulat (Maltodextrin, Aprikosensaftkonzentrat), Pfirsichsaftgranulat (Maltodextrin, Pfirsichsaftkonzentrat).",10,2,0,0,"0,6","0,2",0,0,https://www.edeka24.de/Lebensmittel/Kaffee-Tee/Tee/Messmer-Tee-Aprikose-Pfirsich-20ST-50G.html,https://www.edeka24.de/out/pictures/generated/product/1/540_540_90/memer_tee_aprikosepfirsich_20st_50g.jpg
312,Lebensmittel,Kaffee & Tee,Tee,Teekanne Fenchel 20ST 60G,"2,19 €","36,50 €/kg","inkl. MwSt., zzgl. 4.95 € Versandkosten.",lieferbar innerhalb von 2-5 Werktagen,2023-05-02 23:05:10.329027,Fencheltee,Hinweis zur Aufbewahrung: Vor Wärme geschützt und trocken lagern,"Verantwortliches Lebensmittelunternehmen:
TEEKANNE GmbH & Co. KG, D-40526 Düsseldorf",Zutatenverzeichnis: Fenchel,3,1,"0,1","0,1","0,1","0,1","0,1","0,01",https://www.edeka24.de/Lebensmittel/Kaffee-Tee/Tee/Teekanne-Fenchel-20ST-60G.html,https://www.edeka24.de/out/pictures/generated/product/1/540_540_90/teekannefenkel.jpg
313,Lebensmittel,Kaffee & Tee,Tee,"Meßmer Grüner Tee 50ST 87,5G","3,39 €","38,74 €/kg","inkl. MwSt., zzgl. 4.95 € Versandkosten.",lieferbar innerhalb von 2-5 Werktagen,2023-05-02 23:05:16.555058,Grüner Tee,Hinweis zur Aufbewahrung: Vor Wärme geschützt und trocken lagern.,"Verantwortliches Lebensmittelunternehmen:
Meßmer Tee-Gesellschaft mbH, 21218 Seevetal Deutschland",,3,1,g,"0,0","0,2","0,1",g,0,https://www.edeka24.de/Lebensmittel/Kaffee-Tee/Tee/Messmer-Gruener-Tee-50ST-87-5G.html,https://www.edeka24.de/out/pictures/generated/product/1/540_540_90/memer_grner_tee_gro.jpg
314,Lebensmittel,Kaffee & Tee,Tee,Meßmer Marokkanische Minze-Honig 20ST 40G,"2,29 €","57,25 €/kg","inkl. MwSt., zzgl. 4.95 € Versandkosten.",lieferbar innerhalb von 2-5 Werktagen,2023-05-02 23:05:20.519008,Krauseminztee-Mischung aromatisiert Honig-Geschmack,Hinweis zur Aufbewahrung: Vor Wärme geschützt und trocken lagern.,"Verantwortliches Lebensmittelunternehmen:
Meßmer Tee-Gesellschaft mbH, Bosteler Feld 6, 21218 Seevetal","Zutatenverzeichnis: Krauseminze* (88%), Pfefferminze*, Süßkraut, süße Brombeerblätter, Aroma, Honiggranulat (Maltodextrin, Honig). *70% Rainforest Alliance Certified",3,1,0,0,"0,2","0,1",0,0,https://www.edeka24.de/Lebensmittel/Kaffee-Tee/Tee/Messmer-Marokkanische-Minze-Honig-20ST-40G.html,https://www.edeka24.de/out/pictures/generated/product/1/540_540_90/meamp223mer_marokkanische_minzehonig_20st_40g.jpg
315,Lebensmittel,Kaffee & Tee,Tee,Meßmer Tee Rooibos Wildkirsche 20ST 40G,"2,29 €","57,25 €/kg","inkl. MwSt., zzgl. 4.95 € Versandkosten.",lieferbar innerhalb von 2-5 Werktagen,2023-05-02 23:05:23.971955,Rooibostee aromatisiert Wildkirsche-Geschmack,Hinweis zur Aufbewahrung: Vor Wärme geschützt und trocken lagern.,"Verantwortliches Lebensmittelunternehmen:
Meßmer Tee-Gesellschaft mbH, 21218 Seevetal Deutschland","Zutatenverzeichnis: Rooibos, Aroma (Wildkirsche), Kirschsaftgranulat (Maltodextrin, Kirschsaftkonzentrat)",3,1,0,0,"0,2","0,1",0,g,https://www.edeka24.de/Lebensmittel/Kaffee-Tee/Tee/Messmer-Tee-Rooibos-Wildkirsche-20ST-40G.html,https://www.edeka24.de/out/pictures/generated/product/1/540_540_90/memer_tee_rooibos_wildkirsche.jpg
317,Lebensmittel,Kaffee & Tee,Tee,"Meßmer Cold Tea Zitrone-Minze 14ST 38,5G","3,49 €","90,65 €/kg","inkl. MwSt., zzgl. 4.95 € Versandkosten.",lieferbar innerhalb von 2-5 Werktagen,2023-05-02 23:05:30.678988,"Früchtetee mit Vitamin C und Minze, natürlich aromatisiert, Zitronen-Geschamck",,"Verantwortliches Lebensmittelunternehmen:
Ostfriesische Tee Gesellschaft GmbH & Co. KG, Bosteler Feld 6, 21218 Seevetal","Zutatenverzeichnis: Äpfel, Pfefferminze (20%), Hagebutten, Aroma, Orangenschalen, süße Brombeerblätter, Süßkraut, Säuerungsmittel: Citronensäure, Vitamin C, Zitronenschalen.",10,2,0,0,"0,6","0,2",0,0,https://www.edeka24.de/Lebensmittel/Kaffee-Tee/Tee/Messmer-Cold-Tea-Zitrone-Minze-14ST-38-5G.html,https://www.edeka24.de/out/pictures/generated/product/1/540_540_90/meamp223mer_cold_tea_zitroneminze_14st_385g.jpg
321,Lebensmittel,Kaffee & Tee,Tee,"Meßmer Grüner Tee Orange Ingwer 25ST 43,8G","2,39 €","54,57 €/kg","inkl. MwSt., zzgl. 4.95 € Versandkosten.",lieferbar innerhalb von 2-5 Werktagen,2023-05-02 23:05:41.738806,Grüner Tee aromatisiert Orange-Ingwer-Geschmack,Hinweis zur Aufbewahrung: Vor Wärme geschützt und trocken lagern.,"Verantwortliches Lebensmittelunternehmen:
Meßmer Tee-Gesellschaft mbH, 21218 Seevetal Deutschland","Zutatenverzeichnis: Grüner Tee, Aroma (Orange), Ingwer, Orangenschalen",3,1,g,0,"0,2","0,1",g,g,https://www.edeka24.de/Lebensmittel/Kaffee-Tee/Tee/Messmer-Gruener-Tee-Orange-Ingwer-25ST-43-8G.html,https://www.edeka24.de/out/pictures/generated/product/1/540_540_90/memer_grner_tee_orange_ingwer_25st_438g.jpg
322,Lebensmittel,Kaffee & Tee,Tee,Teekanne Kamille 20ST 30G,"2,19 €","73,00 €/kg","inkl. MwSt., zzgl. 4.95 € Versandkosten.",lieferbar innerhalb von 2-5 Werktagen,2023-05-02 23:05:44.478290,Kamillentee,Hinweis zur Aufbewahrung: Vor Wärme geschützt und trocken lagern,"Verantwortliches Lebensmittelunternehmen:
TEEKANNE GmbH & Co. KG, D-40526 Düsseldorf",Zutatenverzeichnis: Kamille,3,1,"0,1","0,1","0,1","0,1","0,1","0,01",https://www.edeka24.de/Lebensmittel/Kaffee-Tee/Tee/Teekanne-Kamille-20ST-30G.html,https://www.edeka24.de/out/pictures/generated/product/1/540_540_90/teekannekamil.jpg
323,Lebensmittel,Kaffee & Tee,Tee,"Meßmer Kamille-Fenchel 23ST 40,25G","1,95 €","45,88 €/kg","inkl. MwSt., zzgl. 4.95 € Versandkosten.",lieferbar innerhalb von 2-5 Werktagen,2023-05-02 23:05:47.645756,Kräutertee,Hinweis zur Aufbewahrung: Vor Wärme geschützt und trocken lagern.,"Verantwortliches Lebensmittelunternehmen:
Meßmer Tee-Gesellschaft mbH, Bosteler Feld 6, 21218 Seevetal","Zutatenverzeichnis: Kamille, Fenchel.",3,1,0,0,"0,2","0,1",0,0,https://www.edeka24.de/Lebensmittel/Kaffee-Tee/Tee/Messmer-Kamille-Fenchel-23ST-40-25G.html,https://www.edeka24.de/out/pictures/generated/product/1/540_540_90/meamp223mer_kamillefenchel_23st_4025g.jpg
324,Lebensmittel,Kaffee & Tee,Tee,"Meßmer Cold Tea Eistee Pfirsich 14ST 38,5G","3,49 €","90,65 €/kg","inkl. MwSt., zzgl. 4.95 € Versandkosten.",lieferbar innerhalb von 2-5 Werktagen,2023-05-02 23:05:50.925742,"Schwarzer tee, natürlich aromatisiert, Pfirsich-Geschmack",,"Verantwortliches Lebensmittelunternehmen:
Ostfriesische Tee Gesellschaft GmbH & Co. KG, Bosteler Feld 6, 21218 Seevetal","Zutatenverzeichnis: Schwarzer Tee (77%), natürliches Aroma, Süßkraut, Säuerungsmittel: Citronensäure, Zichorienwurzeln geröstet, Pfirsichfruchtstücke (Pfirsich, Maltodextrin).",3,1,0,0,"0,2","0,1",0,0,https://www.edeka24.de/Lebensmittel/Kaffee-Tee/Tee/Messmer-Cold-Tea-Eistee-Pfirsich-14ST-38-5G.html,https://www.edeka24.de/out/pictures/generated/product/1/540_540_90/meamp223mer_cold_tea_eistee_pfirsich_14st_385g.jpg
325,Lebensmittel,Kaffee & Tee,Tee,Meßmer Bio Tee Alpenkräuter 20ST 40G,"3,49 €","87,25 €/kg","inkl. MwSt., zzgl. 4.95 € Versandkosten.",lieferbar innerhalb von 2-5 Werktagen,2023-05-02 23:05:53.708293,Bio Kräutertee,Hinweis zur Aufbewahrung: Kühl und trocken lagern.,"Verantwortliches Lebensmittelunternehmen:
Meßmer Tee-Gesellschaft mbH, 21218 Seevetal Deutschland","Zutatenverzeichnis: Bio Kamille, Bio Melisse, Bio Pfefferminze, Bio Salbei, Bio Brombeerblätter, Bio Erdbeerblätter, Bio Schafgarbenkraut.",3,1,0,0,"0,2","0,1",0,0,https://www.edeka24.de/Lebensmittel/Kaffee-Tee/Tee/Messmer-Bio-Tee-Alpenkraeuter-20ST-40G.html,https://www.edeka24.de/out/pictures/generated/product/1/540_540_90/memer_bio_tee_alpenkruter_20x_2_g.jpg
327,Lebensmittel,Kaffee & Tee,Tee,Teefee Bio Früchtetee Himbeere 20ST 30G,"3,89 €","129,67 €/kg","inkl. MwSt., zzgl. 4.95 € Versandkosten.",lieferbar innerhalb von 2-5 Werktagen,2023-05-02 23:05:58.412767,Bio-Früchtetee mit Himbeeren,Hinweis zur Aufbewahrung: Bitte kühl und trocken lagern.,"Verantwortliches Lebensmittelunternehmen:
La Marchante GmbH, Kaiserstr. 61, 60329 Frankfurt am Main","Zutatenverzeichnis: Äpfel*, Hibiskus*, Hagebutten*, Steviablätter*, Himbeeren* 1% (EU/Nicht-EU). *aus ökologischer Landwirtschaft",7,2,0,0,"0,4","0,3",0,0,https://www.edeka24.de/Lebensmittel/Kaffee-Tee/Tee/Teefee-Bio-Fruechtetee-Himbeere-20ST-30G.html,https://www.edeka24.de/out/pictures/generated/product/1/540_540_90/bio_teefee_framp252chtetee_himbeere_20st_30g.jpg
329,Lebensmittel,Kaffee & Tee,Tee,Meßmer Spanische Orange 20ST 50G,"2,29 €","45,80 €/kg","inkl. MwSt., zzgl. 4.95 € Versandkosten.",lieferbar innerhalb von 2-5 Werktagen,2023-05-02 23:06:04.142341,Früchtetee aromatisiert Orangen-Geschmack,Hinweis zur Aufbewahrung: Vor Wärme geschützt und trocken lagern.,"Verantwortliches Lebensmittelunternehmen:
Meßmer Tee-Gesellschaft mbH, Bosteler Feld 6, 21218 Seevetal","Zutatenverzeichnis: Äpfel, Hibiskus, Hagebutten, Orangenschalen (10 %), Aroma, weißer Hibiskus, Süßholzwurzeln, Süßkraut, Traubensaftgranulat (Maltodextrin, weißes Traubensaftkonzentrat), Aprikosensaftgranulat (Maltodextrin, Aprikosensaftkonzentrat).",10,2,0,0,"0,6","0,2",0,0,https://www.edeka24.de/Lebensmittel/Kaffee-Tee/Tee/Messmer-Spanische-Orange-20ST-50G.html,https://www.edeka24.de/out/pictures/generated/product/1/540_540_90/meamp223mer_spanische_orange_20st_50g.jpg
331,Lebensmittel,Kaffee & Tee,Tee,"Meßmer Tee Feinster Ostfriesen 25ST 37,5G","1,95 €","52,00 €/kg","inkl. MwSt., zzgl. 4.95 € Versandkosten.",lieferbar innerhalb von 2-5 Werktagen,2023-05-02 23:06:09.618922,Schwarzer Tee,Hinweis zur Aufbewahrung: Vor Wärme geschützt und trocken lagern,"Verantwortliches Lebensmittelunternehmen:
Meßmer Tee-Gesellschaft mbH, 21218 Seevetal Deutschland",Zutatenverzeichnis: Schwarzer Tee,3,1,0,g,"0,2","0,1",g,g,https://www.edeka24.de/Lebensmittel/Kaffee-Tee/Tee/Messmer-Tee-Feinster-Ostfriesen-25ST-37-5G.html,https://www.edeka24.de/out/pictures/generated/product/1/540_540_90/memer_tee_feinster_ostfriesen_25x_15_g.jpg
332,Lebensmittel,Kaffee & Tee,Tee,Meßmer Italienische Limone 20ST 50G,"2,29 €","45,80 €/kg","inkl. MwSt., zzgl. 4.95 € Versandkosten.",lieferbar innerhalb von 2-5 Werktagen,2023-05-02 23:06:12.388921,Früchtetee aromatisiert Zitronen-Geschmack,Hinweis zur Aufbewahrung: Vor Wärme geschützt und trocken lagern.,"Verantwortliches Lebensmittelunternehmen:
Meßmer Tee-Gesellschaft mbH, Bosteler Feld 6, 21218 Seevetal","Zutatenverzeichnis: Äpfel*, Hagebutten*, Hibiskus*, Aroma, süße Brombeerblätter, Süßkraut, Säuerungsmittel: Citronensäure, Zitronenschalen. *50% Rainforest Alliance Certified",10,2,0,0,"0,6","0,2",0,0,https://www.edeka24.de/Lebensmittel/Kaffee-Tee/Tee/Messmer-Italienische-Limone-20ST-50G.html,https://www.edeka24.de/out/pictures/generated/product/1/540_540_90/meamp223mer_italienische_limone_20st_50g.jpg
333,Lebensmittel,Kaffee & Tee,Tee,Teekanne Fenchel Anis-Kümmel 20ST 60G,"2,19 €","36,50 €/kg","inkl. MwSt., zzgl. 4.95 € Versandkosten.",lieferbar innerhalb von 2-5 Werktagen,2023-05-02 23:06:15.176454,-,Hinweis zur Aufbewahrung: Vor Wärme geschützt und trocken lagern,"Verantwortliches Lebensmittelunternehmen:
TEEKANNE GmbH & Co. KG, D-40526 Düsseldorf",,3,1,"0,1","0,1","0,1","0,1","0,1","0,01",https://www.edeka24.de/Lebensmittel/Kaffee-Tee/Tee/Teekanne-Fenchel-Anis-Kuemmel-20ST-60G.html,https://www.edeka24.de/out/pictures/generated/product/1/540_540_90/teekannefenchelanuskrmel.jpg
334,Lebensmittel,Kaffee & Tee,Tee,Meßmer Tee Rooibos 20ST 40G,"2,29 €","57,25 €/kg","inkl. MwSt., zzgl. 4.95 € Versandkosten.",lieferbar innerhalb von 2-5 Werktagen,2023-05-02 23:06:18.028249,Rooibostee,Hinweis zur Aufbewahrung: Vor Wärme geschützt und trocken lagern.,"Verantwortliches Lebensmittelunternehmen:
Meßmer Tee-Gesellschaft mbH, 21218 Seevetal Deutschland",Zutatenverzeichnis: Rooibos,3,1,g,"0,0","0,2","0,1",g,g,https://www.edeka24.de/Lebensmittel/Kaffee-Tee/Tee/Messmer-Tee-Rooibos-20ST-40G.html,https://www.edeka24.de/out/pictures/generated/product/1/540_540_90/memer_tee_rooibos_20x_2_g.jpg
335,Lebensmittel,Kaffee & Tee,Tee,Teekanne Herzkirsche Tee 20ST 60G,"2,49 €","41,50 €/kg","inkl. MwSt., zzgl. 4.95 € Versandkosten.",lieferbar innerhalb von 2-5 Werktagen,2023-05-02 23:06:21.131148,"Früchtetee, aromatisiert - Herzkirschegeschmack",Hinweis zur Aufbewahrung: Vor Wärme geschützt und trocken lagern,"Verantwortliches Lebensmittelunternehmen:
TEEKANNE GmbH & Co. KG, D-40526 Düsseldorf","Zutatenverzeichnis: Hibiskus, Äpfel, Hagebutten, Kirscharoma, süße Brombeerblätter",8,2,"0,1","0,1","0,3","0,2","0,2","0,01",https://www.edeka24.de/Lebensmittel/Kaffee-Tee/Tee/Teekanne-Herzkirsche-Tee-20ST-60G.html,https://www.edeka24.de/out/pictures/generated/product/1/540_540_90/teekanne_herzkirsche_tee.jpg
336,Lebensmittel,Kaffee & Tee,Tee,Teekanne Multivitamin Tee 20ST 60G,"2,69 €","44,83 €/kg","inkl. MwSt., zzgl. 4.95 € Versandkosten.",lieferbar innerhalb von 2-5 Werktagen,2023-05-02 23:06:24.621051,"Früchtetee, vitaminisiert und aromatisiert - Beerengeschmack",Hinweis zur Aufbewahrung: Vor Wärme geschützt und trocken lagern,"Verantwortliches Lebensmittelunternehmen:
TEEKANNE GmbH & Co. KG, D-40526 Düsseldorf","Zutatenverzeichnis: Hibiskus, Hagebutten, Äpfel, Orangenschalen, Beerenaroma, Heidelbeeren, schwarze Johannisbeeren, Holunderbeeren,Vitamin C, Niacin, Vitamin E, Pantothensäure, Vitamin B6, Vitamin B2, Vitamin B1, Folsäure, Biotin, Vitamin B12",8,2,"0,1","0,1",g,"0,2","0,2","0,01",https://www.edeka24.de/Lebensmittel/Kaffee-Tee/Tee/Teekanne-Multivitamin-Tee-20ST-60G.html,https://www.edeka24.de/out/pictures/generated/product/1/540_540_90/teekanne_multivitamin_tee_20x_3_g.jpg
337,Lebensmittel,Kaffee & Tee,Tee,Sir Winston Tea Broken Orange Pekoe lose 500G,"10,99 €","21,98 €/kg","inkl. MwSt., zzgl. 4.95 € Versandkosten.",lieferbar innerhalb von 2-5 Werktagen,2023-05-02 23:06:27.257813,Schwarzer Tee-Mischung,Hinweis zur Aufbewahrung: Vor Wärme geschützt und trocken lagern,"Verantwortliches Lebensmittelunternehmen:
Winston Tea Company LTD., 95, worship street, London EC2A 2BE",Zutatenverzeichnis: Zutaten: Schwarzer Tee,3,1,"0,1","0,1","0,1","0,1","0,2","0,01",https://www.edeka24.de/Lebensmittel/Kaffee-Tee/Tee/Sir-Winston-Tea-Broken-Orange-Pekoe-lose-500G.html,https://www.edeka24.de/out/pictures/generated/product/1/540_540_90/sir_winston_tea_broken_orange_pekoe_lose_500g.jpg
338,Lebensmittel,Kaffee & Tee,Tee,Meßmer Fenchel-Anis-Kümmel-Tee 50ST 100G,"3,39 €","33,90 €/kg","inkl. MwSt., zzgl. 4.95 € Versandkosten.",lieferbar innerhalb von 2-5 Werktagen,2023-05-02 23:06:31.070308,Kräutertee,Hinweis zur Aufbewahrung: Vor Wärme geschützt und trocken lagern.,"Verantwortliches Lebensmittelunternehmen:
Meßmer Tee-Gesellschaft mbH, Bosteler Feld 6, 21218 Seevetal","Zutatenverzeichnis: Fenchel, Kümmel, Anis.",3,1,0,0,"0,2","0,1",0,0,https://www.edeka24.de/Lebensmittel/Kaffee-Tee/Tee/Messmer-Fenchel-Anis-Kuemmel-Tee-50ST-100G.html,https://www.edeka24.de/out/pictures/generated/product/1/540_540_90/meamp223mer_fenchelaniskamp252mmeltee_50st_100g.jpg
343,Lebensmittel,Kaffee & Tee,Tee,Teekanne Grüner Tee China Auslese lose 250G,"8,49 €","33,96 €/kg","inkl. MwSt., zzgl. 4.95 € Versandkosten.",lieferbar innerhalb von 2-5 Werktagen,2023-05-02 23:06:42.725195,-,Hinweis zur Aufbewahrung: Vor Wärme geschützt und trocken lagern,"Verantwortliches Lebensmittelunternehmen:
TEEKANNE GmbH & Co. KG, D-40526 Düsseldorf",,3,1,"0,1","0,1","0,1","0,1","0,2","0,01",https://www.edeka24.de/Lebensmittel/Kaffee-Tee/Tee/Teekanne-Gruener-Tee-China-Auslese-lose-250G.html,https://www.edeka24.de/out/pictures/generated/product/1/540_540_90/teekannegreenlose.jpg
344,Lebensmittel,Kaffee & Tee,Tee,Meßmer Hawaii Kiss Tropical Mango 20ST 50G,"2,29 €","45,80 €/kg","inkl. MwSt., zzgl. 4.95 € Versandkosten.",lieferbar innerhalb von 2-5 Werktagen,2023-05-02 23:06:45.107773,Früchtetee Aromatisiert Mango-Kokos-Geschmack,Hinweis zur Aufbewahrung: Vor Wärme geschützt und trocken lagern.,"Verantwortliches Lebensmittelunternehmen:
Meßmer Tee-Gesellschaft mbH, Bosteler Feld 6, 21218 Seevetal","Zutatenverzeichnis: Hagebutten*, Hibiskus*, Aroma, süße Brombeerblätter, Süßkraut, Mangosaftgranulat (Maltodextrin, Mangosaftkonzentrat), Kokosraspeln. *50% Rainforest Alliance Certified",10,2,0,0,"0,6","0,2",0,0,https://www.edeka24.de/Lebensmittel/Kaffee-Tee/Tee/Messmer-Hawaii-Kiss-Tropical-Mango-20ST-50G.html,https://www.edeka24.de/out/pictures/generated/product/1/540_540_90/meamp223mer_hawaii_kiss_kokosmango_20st_50g.jpg
345,Lebensmittel,Kaffee & Tee,Tee,Meßmer Hibiskus 23ST 46G,"1,95 €","42,39 €/kg","inkl. MwSt., zzgl. 4.95 € Versandkosten.",lieferbar innerhalb von 2-5 Werktagen,2023-05-02 23:06:47.457030,Hibiskustee,Hinweis zur Aufbewahrung: Vor Wärme geschützt und trocken lagern.,"Verantwortliches Lebensmittelunternehmen:
Meßmer Tee-Gesellschaft mbH, Bosteler Feld 6, 21218 Seevetal",Zutatenverzeichnis: Hibiskus. Rainforest Alliance Certified,10,2,0,0,"0,6","0,2",0,0,https://www.edeka24.de/Lebensmittel/Kaffee-Tee/Tee/Messmer-Hibiskus-23ST-46G.html,https://www.edeka24.de/out/pictures/generated/product/1/540_540_90/meamp223mer_hibiskus_23st_46g.jpg
347,Lebensmittel,Kaffee & Tee,Tee,Meßmer Miami Vibes Himbeere-Lemon 20ST 50G,"2,29 €","45,80 €/kg","inkl. MwSt., zzgl. 4.95 € Versandkosten.",lieferbar innerhalb von 2-5 Werktagen,2023-05-02 23:06:52.650937,Früchtetee aromatisiert Himbeer-Zitronen-Geschmack,Hinweis zur Aufbewahrung: Vor Wärme geschützt und trocken lagern.,"Verantwortliches Lebensmittelunternehmen:
Meßmer Tee-Gesellschaft mbH, Bosteler Feld 6, 21218 Seevetal","Zutatenverzeichnis: Hagebutten*, Hibiskus*, Aroma, süße Brombeerblätter, Süßkraut, Zitronenschalen*, Himbeeren. *50% Rainforest Alliance Certified",10,2,0,0,"0,6","0,2",0,0,https://www.edeka24.de/Lebensmittel/Kaffee-Tee/Tee/Messmer-Miami-Vibes-Himbeere-Lemon-20ST-50G.html,https://www.edeka24.de/out/pictures/generated/product/1/540_540_90/meamp223mer_miami_vibes_himbeerelemon_20st_50g.jpg
348,Lebensmittel,Kaffee & Tee,Tee,Meßmer Gelassenheit Verbene-Orange 20ST 40G,"2,49 €","62,25 €/kg","inkl. MwSt., zzgl. 4.95 € Versandkosten.",lieferbar innerhalb von 2-5 Werktagen,2023-05-02 23:06:55.455912,Kräutertee natürlich aromatisiert Orangen-Karamell-Geschmack,Hinweis zur Aufbewahrung: Vor Wärme geschützt und trocken lagern.,"Verantwortliches Lebensmittelunternehmen:
Meßmer Tee-Gesellschaft mbH, Bosteler Feld 6, 21218 Seevetal","Zutatenverzeichnis: Zitronengras*, Zitronenverbene*, Orangenblätter*, Melisse*, Orangenschalen*, natürliches Aroma, Zichorienwurzeln geröstet, Süßkraut, Limettenschalen, Pomeranzenschalen, Karamellgranulat (Karamellzuckersirup, Maltodextrin), Sonnenblumenblüten, Mandarinenschalen. *50% Rainforest Alliance Certified.",3,1,0,0,"0,2","0,1",0,0,https://www.edeka24.de/Lebensmittel/Kaffee-Tee/Tee/Messmer-Gelassenheit-Verbene-Orange-20ST-40G.html,https://www.edeka24.de/out/pictures/generated/product/1/540_540_90/meamp223mer_gelassenheit_verbeneorange_20st_40g.jpg
349,Lebensmittel,Kaffee & Tee,Tee,Teekanne Tee Frecher Flirt 20ST 55G,"2,49 €","45,27 €/kg","inkl. MwSt., zzgl. 4.95 € Versandkosten.",lieferbar innerhalb von 2-5 Werktagen,2023-05-02 23:06:57.799959,"Früchtetee, aromatisiert - Granatapfel- und Brombeeraroma",Hinweis zur Aufbewahrung: Vor Wärme geschützt und trocken lagern,"Verantwortliches Lebensmittelunternehmen:
TEEKANNE GmbH & Co. KG, Postfach 270351 D-40526 Düsseldorf","Zutatenverzeichnis: Hibiskus, Äpfel, Hagebutten, Granatapfelaroma, süße Brombeerblätter, Brombeeraroma, Brombeeren, Granatapfelsaftgr an.(Maltod.,Granat.-SK)",8,2,"0,1","0,1","0,3","0,2","0,2","0,01",https://www.edeka24.de/Lebensmittel/Kaffee-Tee/Tee/Teekanne-Tee-Frecher-Flirt-20ST-55G.html,https://www.edeka24.de/out/pictures/generated/product/1/540_540_90/teekannefrecherflirtt.jpg
352,Lebensmittel,Kaffee & Tee,Tee,Teekanne Sweet Kiss Tee 20ST 60G,"2,49 €","41,50 €/kg","inkl. MwSt., zzgl. 4.95 € Versandkosten.",lieferbar innerhalb von 2-5 Werktagen,2023-05-02 23:07:05.426577,"Früchtetee, aromatisiert - Kirsch- und Erdbeergeschmack",Hinweis zur Aufbewahrung: Vor Wärme geschützt und trocken lagern,"Verantwortliches Lebensmittelunternehmen:
TEEKANNE GmbH & Co. KG, D-40526 Düsseldorf","Zutatenverzeichnis: Hibiskus, Äpfel, Hagebutten, Kirscharoma, Erdbeeraroma",8,2,"0,1","0,1","0,3","0,2","0,2","0,01",https://www.edeka24.de/Lebensmittel/Kaffee-Tee/Tee/Teekanne-Sweet-Kiss-Tee-20ST-60G.html,https://www.edeka24.de/out/pictures/generated/product/1/540_540_90/teekanne_sweet_kiss_tee.jpg
353,Lebensmittel,Kaffee & Tee,Tee,Teekanne Heiße Liebe Tee 20ST 60G,"2,49 €","41,50 €/kg","inkl. MwSt., zzgl. 4.95 € Versandkosten.",lieferbar innerhalb von 2-5 Werktagen,2023-05-02 23:07:09.405348,Aromatisierter Früchtetee mit Himbeer- und Vanillearoma,Hinweis zur Aufbewahrung: Vor Wärme geschützt und trocken lagern,"Verantwortliches Lebensmittelunternehmen:
TEEKANNE GmbH & Co. KG, D-40526 Düsseldorf","Zutatenverzeichnis: Äpfel, Hibiskus, Hagebutten, Vanillearoma, Himbeeraroma, Süßblätter, Himbeeren, Vanilleextrakt.",8,2,0,0,"0,4",0,0,0,https://www.edeka24.de/Lebensmittel/Kaffee-Tee/Tee/Teekanne-Heisse-Liebe-Tee-20ST-60G.html,https://www.edeka24.de/out/pictures/generated/product/1/540_540_90/tkhl.jpg
354,Lebensmittel,Kaffee & Tee,Tee,"Meßmer Grüner Tee Ingwer-Honig 25ST 43,8G","2,39 €","54,57 €/kg","inkl. MwSt., zzgl. 4.95 € Versandkosten.",lieferbar innerhalb von 2-5 Werktagen,2023-05-02 23:07:12.553304,Grüner Tee mit Ingwer aromatisiert Honig-Geschmack,Hinweis zur Aufbewahrung: Vor Wärme geschützt und trocken lagern.,"Verantwortliches Lebensmittelunternehmen:
Meßmer Tee-Gesellschaft mbH, 21218 Seevetal Deutschland","Zutatenverzeichnis: Grüner Tee, Ingwer, Aroma, Honiggranulat (Maltodextrin, Honig)",3,1,g,g,"0,2","0,1","0,0",g,https://www.edeka24.de/Lebensmittel/Kaffee-Tee/Tee/Messmer-Gruener-Tee-Ingwer-Honig-25ST-43-8G.html,https://www.edeka24.de/out/pictures/generated/product/1/540_540_90/memer_grner_tee_ingwerhonig_25st_438g.jpg
355,Lebensmittel,Kaffee & Tee,Tee,"Meßmer Tee Klassik entkoffeiniert 25ST 43,8G","1,95 €","44,52 €/kg","inkl. MwSt., zzgl. 4.95 € Versandkosten.",lieferbar innerhalb von 2-5 Werktagen,2023-05-02 23:07:14.952327,Schwarzer Tee,Hinweis zur Aufbewahrung: Vor Wärme geschützt und trocken lagern.,"Verantwortliches Lebensmittelunternehmen:
Meßmer Tee-Gesellschaft mbH, 21218 Seevetal Deutschland",Zutatenverzeichnis: Schwarzer Tee,3,1,0,g,"0,2","0,1",0,g,https://www.edeka24.de/Lebensmittel/Kaffee-Tee/Tee/Messmer-Tee-Klassik-entkoffeiniert-25ST-43-8G.html,https://www.edeka24.de/out/pictures/generated/product/1/540_540_90/memer_tee_klassik_entkoffeiniert_25x_175_g.jpg
356,Lebensmittel,Kaffee & Tee,Tee,Sir Winston Tea Earl Grey aromatisierter Tee lose 500G,"12,49 €","24,98 €/kg","inkl. MwSt., zzgl. 4.95 € Versandkosten.",lieferbar innerhalb von 2-5 Werktagen,2023-05-02 23:07:17.398625,"Schwarzer Tee-Mischung, natürlich aromatisiert - Bergamotteöl",Hinweis zur Aufbewahrung: Vor Wärme geschützt und trocken lagern,"Verantwortliches Lebensmittelunternehmen:
Winston Tea Company LTD., 95, worship street, London EC2A 2BE","Zutatenverzeichnis: Schwarzer Tee, Bergamotteöl",3,1,"0,1","0,1","0,1","0,1","0,2","0,01",https://www.edeka24.de/Lebensmittel/Kaffee-Tee/Tee/Sir-Winston-Tea-Earl-Grey-aromatisierter-Tee-lose-500G.html,https://www.edeka24.de/out/pictures/generated/product/1/540_540_90/swtearlgrey.jpg
357,Lebensmittel,Kaffee & Tee,Tee,Teefee Bio Erdbeerzauber 20ST 30G,"3,99 €","133,00 €/kg","inkl. MwSt., zzgl. 4.95 € Versandkosten.",lieferbar innerhalb von 2-5 Werktagen,2023-05-02 23:07:20.195154,Bio-Früchtetee aromatisiert mit Erdbeergeschmack,Hinweis zur Aufbewahrung: Bitte kühl und trocken lagern.,"Verantwortliches Lebensmittelunternehmen:
La Marchante GmbH, Kaiserstr. 61, 60329 Frankfurt am Main","Zutatenverzeichnis: Äpfel*, Hibiskus*, Hagebutten*, Steviablätter*, natürliches Erdbeeraroma, Erdbeeren* 1% (EU/Nicht-EU). *aus ökologischer Landwirtschaft",7,2,0,0,"0,4","0,3",0,0,https://www.edeka24.de/Lebensmittel/Kaffee-Tee/Tee/Teefee-Bio-Erdbeerzauber-20ST-30G.html,https://www.edeka24.de/out/pictures/generated/product/1/540_540_90/bio_teefee_framp252chtetee_erdbeere_20st_30g.jpg
358,Lebensmittel,Kaffee & Tee,Tee,Teekanne Darjeeling Finest Selection 24ST 54G,"3,49 €","64,63 €/kg","inkl. MwSt., zzgl. 4.95 € Versandkosten.",lieferbar innerhalb von 2-5 Werktagen,2023-05-02 23:07:22.676843,Schwarzer Tee,Hinweis zur Aufbewahrung: Vor wärme geschützt und trocken lagern.,"Verantwortliches Lebensmittelunternehmen:
Teekanne GmbH & Co. KG, Postfach 270351, 40526 Düsseldorf",,4,1,0,0,"0,1",0,0,0,https://www.edeka24.de/Lebensmittel/Kaffee-Tee/Tee/Teekanne-Darjeeling-Finest-Selection-24ST-54G.html,https://www.edeka24.de/out/pictures/generated/product/1/540_540_90/tkdarjeeling.jpg
361,Lebensmittel,Kaffee & Tee,Tee,Teefee Bio Guten Morgen Tee 20ST 30G,"3,99 €","133,00 €/kg","inkl. MwSt., zzgl. 4.95 € Versandkosten.",lieferbar innerhalb von 2-5 Werktagen,2023-05-02 23:07:30.103886,Bio Honigbuschtee aromatisiert mit Orangen- und Vanillegeschmack,Hinweis zur Aufbewahrung: Bitte kühl und trocken lagern.,"Verantwortliches Lebensmittelunternehmen:
La Marchante GmbH, Kaiserstr. 61, 60329 Frankfurt am Main","Zutatenverzeichnis: Äpfel*, Honigbusch* 35,5% (Nicht-EU), Hagebutten*, natürliches Vanillearoma 5%, Steviablätter*, Orangenschalen* 2%.",7,2,0,0,"0,4","0,3",0,0,https://www.edeka24.de/Lebensmittel/Kaffee-Tee/Tee/Teefee-Bio-Guten-Morgen-Tee-20ST-30G.html,https://www.edeka24.de/out/pictures/generated/product/1/540_540_90/bio_teefee_honigbusch_tee_30g.jpg
362,Lebensmittel,Kaffee & Tee,Tee,Teekanne Earl Grey Rainforest Alliance 250G,"8,49 €","33,96 €/kg","inkl. MwSt., zzgl. 4.95 € Versandkosten.",lieferbar innerhalb von 2-5 Werktagen,2023-05-02 23:07:32.307123,Aromatisierte Schwarzer Tee-Mischung mit Bergamotte-Aroma,Hinweis zur Aufbewahrung: Vor Wärme geschützt und trocken lagern.,"Verantwortliches Lebensmittelunternehmen:
Teekanne GmbH & Co. KG, Postfach 270351, 40526 Düsseldorf","Zutatenverzeichnis: Schwarzer Tee, Bergamottearoma, Bergamotteöl.",,,,,,,,,https://www.edeka24.de/Lebensmittel/Kaffee-Tee/Tee/Teekanne-Earl-Grey-Rainforest-Alliance-250G.html,https://www.edeka24.de/out/pictures/generated/product/1/540_540_90/teekanneearlgrey.jpg
364,Lebensmittel,Kaffee & Tee,Tee,Meßmer Toskanischer Pfirsich 20ST 50G,"2,29 €","45,80 €/kg","inkl. MwSt., zzgl. 4.95 € Versandkosten.",lieferbar innerhalb von 2-5 Werktagen,2023-05-02 23:07:37.698788,Früchtetee aromatisiert Pfirsich-Geschmack,Hinweis zur Aufbewahrung: Vor Wärme geschützt und trocken lagern.,"Verantwortliches Lebensmittelunternehmen:
Meßmer Tee-Gesellschaft mbH, Bosteler Feld 6, 21218 Seevetal","Zutatenverzeichnis: Hagebutten*, Äpfel*, Süßkraut, Aroma, Säuerungsmittel: Citronensäure, Pfirsichsaftgranulat (Maltodextrin, Pfirsichsaftkonzentrat). *70% Rainforest Alliance Certified",2,10,0,0,"0,6","0,2",0,0,https://www.edeka24.de/Lebensmittel/Kaffee-Tee/Tee/Messmer-Toskanischer-Pfirsich-20ST-50G.html,https://www.edeka24.de/out/pictures/generated/product/1/540_540_90/meamp223mer_toskanischer_pfirsich_20st_50g.jpg
365,Lebensmittel,Kaffee & Tee,Tee,Teekanne Ostfriesen Teefix 25ST 70G,"3,49 €","49,86 €/kg","inkl. MwSt., zzgl. 4.95 € Versandkosten.",lieferbar innerhalb von 2-5 Werktagen,2023-05-02 23:07:40.432556,Schwarzer Tee,Hinweis zur Aufbewahrung: Vor Wärme geschützt und trocken lagern.,"Verantwortliches Lebensmittelunternehmen:
TEEKANNE GmbH & Co. KG, D-40526 Düsseldorf",Zutatenverzeichnis: Schwarzer Tee,4,1,0,0,"0,1",0,0,0,https://www.edeka24.de/Lebensmittel/Kaffee-Tee/Tee/Teekanne-Ostfriesen-Teefix-25ST-70G.html,https://www.edeka24.de/out/pictures/generated/product/1/540_540_90/tkostfriesenteefix.jpg
366,Lebensmittel,Kaffee & Tee,Tee,Teekanne Ostfriesen Gold lose 500G,"8,49 €","16,98 €/kg","inkl. MwSt., zzgl. 4.95 € Versandkosten.",lieferbar innerhalb von 2-5 Werktagen,2023-05-02 23:07:43.177894,Schwarzer Tee,Hinweis zur Aufbewahrung: Vor Wärme geschützt und trocken lagern,"Verantwortliches Lebensmittelunternehmen:
TEEKANNE GmbH & Co. KG, D-40526 Düsseldorf",Zutatenverzeichnis: Schwarzer Tee,3,1,"0,1","0,1","0,1","0,1","0,2","0,01",https://www.edeka24.de/Lebensmittel/Kaffee-Tee/Tee/Teekanne-Ostfriesen-Gold-lose-500G.html,https://www.edeka24.de/out/pictures/generated/product/1/540_540_90/tkostfriesengold.jpg
368,Lebensmittel,Kaffee & Tee,Tee,Teekanne Hagebutte 20ST 70G,"2,19 €","31,29 €/kg","inkl. MwSt., zzgl. 4.95 € Versandkosten.",lieferbar innerhalb von 2-5 Werktagen,2023-05-02 23:07:47.868915,Hagebuttentee mit Hibiskus,Hinweis zur Aufbewahrung: Vor Wärme geschützt und trocken lagern,"Verantwortliches Lebensmittelunternehmen:
TEEKANNE GmbH & Co. KG, D-40526 Düsseldorf","Zutatenverzeichnis: Hagebutten, Hibiskus",8,2,"0,1","0,1","0,3","0,2","0,2","0,01",https://www.edeka24.de/Lebensmittel/Kaffee-Tee/Tee/Teekanne-Hagebutte-20ST-70G.html,https://www.edeka24.de/out/pictures/generated/product/1/540_540_90/teekannehagelbutter.jpg
370,Lebensmittel,Getränke,Energydrinks,Red Bull Energy Drink 250ML,"0,99 €","3,96 €/l","zzgl. 0,25 € Pfand","inkl. MwSt., zzgl. 4.95 € Versandkosten.",2023-05-02 23:07:52.664015,Energydrink,,"Verantwortliches Lebensmittelunternehmen:
Red Bull GmbH, 5330 Fuschl am See, Österreich","Zutatenverzeichnis: Wasser,Saccharose, Glucose, Säuerungsmittel Zitronensäure, Kohlensäure, Taurin 0,4%, Säureregulator (Natriumcarbonate, Magnesium carbonat), Koffein 0,03%, Vitamine (Niacin, Pantothensäure, B6, B12), Aroma, Farbstoffe (einfacher Zuckerkulör, Riboflavin)",194,46,0,g,11,11,0,"0,1",https://www.edeka24.de/index.php?cl=details&anid=c284d997e31cc8412.31567109&emcs0=3&emcs1=Kategorieseite%20-%20Topseller&emcs2=&emcs3=760683004,https://www.edeka24.de/out/pictures/generated/product/1/540_540_90/red_bull_025.jpg
371,Lebensmittel,Getränke,Energydrinks,"Red Bull Summer Edition Juneberry 0,25L","0,99 €","3,96 €/l","zzgl. 0,25 € Pfand","inkl. MwSt., zzgl. 4.95 € Versandkosten.",2023-05-02 23:07:55.589289,Energydrink mit dem Geschmack von Felsenbirne (Juneberry) - erhöhter Koffeingehalt.,,"Verantwortliches Lebensmittelunternehmen:
Red Bull GmbH, Am Brunnen 1, 5330 Fuschl am See","Zutatenverzeichnis: Wasser, Saccharose, Glucose, Säuerungsmittel (Citronensäure), Kohlensäure, Taurin (0,4%), Säureregulator (Natriumcitrate), Koffein (0,03%), Vitamine (Niacin, Pantothensäure, B6, B12), Aromen, Farbstoffe (Anthocyane, Brillantblau FCF).",191,45,0,0,11,11,0,"0,1",https://www.edeka24.de/Lebensmittel/Getraenke/Energydrinks/Red-Bull-Summer-Edition-Juneberry-0-25L.html,https://www.edeka24.de/out/pictures/generated/product/1/540_540_90/red_bull_summer_edition_juneberry_025l_dpg.jpg
372,Lebensmittel,Getränke,Energydrinks,"Red Bull Summer Edition Aprikose-Erdbeere 0,25L","0,99 €","3,96 €/l","zzgl. 0,25 € Pfand","inkl. MwSt., zzgl. 4.95 € Versandkosten.",2023-05-02 23:07:58.917029,-,,"Verantwortliches Lebensmittelunternehmen:
Red Bull GmbH, AU-5330 Fuschl am See","Zutatenverzeichnis: Wasser, Saccharose, Glucose, Säuerungsmittel (Citronensäure), Kohlensäure, Taurin (0,4%), Säureregulator (Natriumcitrate), Koffein (0,03%), Vitamine (Niacin, Pantothensäure, B6, B12), Aromen, Farbstoffe (Anthocyane, Riboflavine). Pasteurisiert.",191,45,0,0,11,11,0,"0,1",https://www.edeka24.de/Lebensmittel/Getraenke/Energydrinks/Red-Bull-Summer-Edition-Aprikose-Erdbeere-0-25L.html,https://www.edeka24.de/out/pictures/generated/product/1/540_540_90/red_bull_summer_edition_aprikoseerdbeere_025l.jpg
373,Lebensmittel,Getränke,Energydrinks,Red Bull Red Edition Wassermelone 250ML,"0,99 €","3,96 €/l","zzgl. 0,25 € Pfand","inkl. MwSt., zzgl. 4.95 € Versandkosten.",2023-05-02 23:08:01.599837,Energy Drink mit dem Geschmack von Wassermelone,,"Verantwortliches Lebensmittelunternehmen:
Red Bull GmbH, 5330 Fuschl am See, Österreich","Zutatenverzeichnis: Wasser, Saccharose, Glucose, Säuerungsmittel (Citronensäure), Kohlensäure, Taurin (0,4%), Säureregulator (Natriumcitrate), Koffein (0,03%), Vitamine (Niacin, Pantothensäure, B6, B12), Aromen, Farbstoffe (Anthocyone, Riboflavine).",190,45,0,0,11,11,0,"0,1",https://www.edeka24.de/Lebensmittel/Getraenke/Energydrinks/Red-Bull-Red-Edition-Wassermelone-250ML.html,https://www.edeka24.de/out/pictures/generated/product/1/540_540_90/red_bull_red_edition_wassermelone_025l_dpg.jpg
374,Lebensmittel,Getränke,Energydrinks,Red Bull Energy Drink 250ML,"0,99 €","3,96 €/l","zzgl. 0,25 € Pfand","inkl. MwSt., zzgl. 4.95 € Versandkosten.",2023-05-02 23:08:03.792546,Energydrink,,"Verantwortliches Lebensmittelunternehmen:
Red Bull GmbH, 5330 Fuschl am See, Österreich","Zutatenverzeichnis: Wasser,Saccharose, Glucose, Säuerungsmittel Zitronensäure, Kohlensäure, Taurin 0,4%, Säureregulator (Natriumcarbonate, Magnesium carbonat), Koffein 0,03%, Vitamine (Niacin, Pantothensäure, B6, B12), Aroma, Farbstoffe (einfacher Zuckerkulör, Riboflavin)",194,46,0,g,11,11,0,"0,1",https://www.edeka24.de/Lebensmittel/Getraenke/Energydrinks/Red-Bull-Energy-Drink-250ML.html,https://www.edeka24.de/out/pictures/generated/product/1/540_540_90/red_bull_025.jpg
375,Lebensmittel,Getränke,Energydrinks,"Booster Energdrink Pomegranate 0,33L","0,79 €","2,39 €/l","zzgl. 0,25 € Pfand","inkl. MwSt., zzgl. 4.95 € Versandkosten.",2023-05-02 23:08:06.979457,Koffeinhaltiges Erfrischungsgetränk mit Granatapfelgeschmack und Zusatz von 4 Vitaminen.,,"Verantwortliches Lebensmittelunternehmen:
Veritas Vertriebsgesellschaft mbH, 22291 Hamburg","Zutatenverzeichnis: Wasser, Zucker, Kohlensäure, Säuerungsmittel: Citronensäure; Taurin, Apfelsaftkonzentrat, Säureregulator: Natriumcitrate; Granatapfelsaftkonzentrat, Invertzuckersirup, Koffein, Aroma, Vitaminmischung: Niacin, Pantothensäure, Vitamin B6, Vitamin B12; Farbstoff: Anthocyane, Riboflavine.",178,42,0,0,10,10,"0,01","0,1",https://www.edeka24.de/Lebensmittel/Getraenke/Energydrinks/Booster-Energdrink-Pomegranate-0-33L.html,https://www.edeka24.de/out/pictures/generated/product/1/540_540_90/booster_energy_drink_pomegranate_033l_dpg.jpg
376,Lebensmittel,Getränke,Energydrinks,Red Bull Blue Edition 250ML,"0,99 €","3,96 €/l","zzgl. 0,25 € Pfand","inkl. MwSt., zzgl. 4.95 € Versandkosten.",2023-05-02 23:08:10.247722,Energydrink,,"Verantwortliches Lebensmittelunternehmen:
Red Bull GmbH, 5330 Fuschl am See, Österreich","Zutatenverzeichnis: Wasser, Saccharose, Glucose, Säurungsmittel Zitronensäure, Kohlensäure, Taurin 0,4%, Säureregulator (Natriumcarbonate, Magnesiumcarbonate), Koffeein 0,03%, Vitamine (Niacin, Pantothensäure, B6, B12), Aromen, Farbstoff (Riboflavin, Brillantblau FCF), Färbende Lebensmittel (Konzentrat aus Karotte, Hibiskus)",194,46,0,0,11,11,0,"0,1",https://www.edeka24.de/Lebensmittel/Getraenke/Energydrinks/Red-Bull-Blue-Edition-250ML.html,https://www.edeka24.de/out/pictures/generated/product/1/540_540_90/red_bull_energy_drink_blue_edition.jpg
377,Lebensmittel,Getränke,Energydrinks,"Red Bull Winter Edition Feige-Apfel 0,25L","0,99 €","3,96 €/l","zzgl. 0,25 € Pfand","inkl. MwSt., zzgl. 4.95 € Versandkosten.",2023-05-02 23:08:13.853904,Energy Drink mit dem Geschmack von Feige-Apfel - erhöhter Koffeingehalt.,,"Verantwortliches Lebensmittelunternehmen:
Red Bull GmbH, Am Brunnen 1, 5330 Fuschl am See","Zutatenverzeichnis: Wasser, Saccharose, Glucose, Säuerungsmittel (Citronensäure), Kohlensäure, Taurin (0,4%), Säureregulator (Natriumcitrate), Koffein (0,03%), Vitamine (Niacin, Pantothensäure, B6, B12), Aromen, Farbstoffe (Zuckerkulör, Beta-apo-8' Carotinal (C30), Riboflavine), Antioxidationsmittel (Ascorbinsäure).",194,46,0,0,11,11,0,"0,1",https://www.edeka24.de/Lebensmittel/Getraenke/Energydrinks/Red-Bull-Winter-Edition-Feige-Apfel-0-25L.html,https://www.edeka24.de/out/pictures/generated/product/1/540_540_90/rbfeigeapfel.jpg
378,Lebensmittel,Getränke,Energydrinks,"Red Bull Green Edition Kaktusfrucht 0,25L","0,99 €","3,96 €/l","zzgl. 0,25 € Pfand","inkl. MwSt., zzgl. 4.95 € Versandkosten.",2023-05-02 23:08:17.474766,Energy und Sportdrinks,,,"Zutatenverzeichnis: Wasser, Saccharose, Glucose, Säurungsmittel (Citronensäure), Kohlensäure, Taurin (0,4%), Säureregulator (Natriumcitrate), Koffein (0,03%), Vitamine (Niacin, Pantothensäure, B6, B12), Aromen, Farbstoffe (Anthocyane, Brillantblau FCF).",192,45,0,0,11,11,0,"0,1",https://www.edeka24.de/Lebensmittel/Getraenke/Energydrinks/Red-Bull-Green-Edition-Kaktusfrucht-0-25L.html,https://www.edeka24.de/out/pictures/generated/product/1/540_540_90/red_bull_green_edition_kaktusfrucht_025l.jpg
379,Lebensmittel,Getränke,Energydrinks,Red Bull Energy Drink 4x 250ML,"5,49 €","5,49 €/l","zzgl. 1,00 € Pfand","inkl. MwSt., zzgl. 4.95 € Versandkosten.",2023-05-02 23:08:22.095823,-,,"Verantwortliches Lebensmittelunternehmen:
Red Bull GmbH, AU-5330 Fuschl am See","Zutatenverzeichnis: Wasser, Saccharose, Glucose, Säuerungsmittel (Citronensäure), Kohlensäure, Taurin (0,4%), Säureregulatoren (Natriumcarbonate, Magnesiumcarbonate), Koffein (0,03%), Vitamine (Niacin, Pantothensäure, B6, B12), Aromen, Farbstoffe (Zuckerkulör, Riboflavine).",195,46,g,0,11,11,0,"0,1",https://www.edeka24.de/Lebensmittel/Getraenke/Energydrinks/Red-Bull-Energy-Drink-4x-250ML.html,https://www.edeka24.de/out/pictures/generated/product/1/540_540_90/red_bull_4x025l_dose.jpg
380,Lebensmittel,Getränke,Energydrinks,"Booster Original Energy Drink 0,33L","0,79 €","2,39 €/l","zzgl. 0,25 € Pfand","inkl. MwSt., zzgl. 4.95 € Versandkosten.",2023-05-02 23:08:25.267605,Koffeinhaltiges Erfrischungsgetränk mit Zusatz von 4 Vitaminen.,,"Verantwortliches Lebensmittelunternehmen:
VERITAS Vertriebsges. mbH, D-22291 Hamburg","Zutatenverzeichnis: Wasser, Zucker, Säuerungsmittel: Citronensäure; Kohlensäure,0,4% Taurin, Säureregulator: Trinatriumcitrat; Aroma, Koffein, Farbstoffe: Ammoniak-Zuckerkulör; Vitaminmischung: Niacin, Pantothensäure, Vitamin B6, Vitamin B12.",44,187,0,0,"10,4","10,4",0,"0,17",https://www.edeka24.de/Lebensmittel/Getraenke/Energydrinks/Booster-Original-Energy-Drink-0-33L.html,https://www.edeka24.de/out/pictures/generated/product/1/540_540_90/booster_original_energy_drink.jpg
381,Lebensmittel,Getränke,Energydrinks,"Booster Energydrink Cactus Fruit 0,33L","0,79 €","2,39 €/l","zzgl. 0,25 € Pfand","inkl. MwSt., zzgl. 4.95 € Versandkosten.",2023-05-02 23:08:29.093232,Koffeinhaltiges Erfrischungsgetränk mit Kaktusfeigeneschmack und Zusatz von 4 Vitaminen.,,"Verantwortliches Lebensmittelunternehmen:
Veritas Vertriebsgesellschaft mbH, 22291 Hamburg","Zutatenverzeichnis: Wasser, Zucker, Säuerungsmittel: Citronensäure; Kohlensäure, Taurin, Apfelsaftkonzentrat, Kaktusfeigensaftkonzentrat, Säureregulator: Natriumcitrate; Invertzuckersirup, Koffein, Aroma, Vitaminmischung: Niacin, Pantothensäure; Vitamin B6, Vitamin B12; Farbstoffe: Anthocyane, Brillantblau FCF.",182,43,0,0,"10,2","10,2",0,0,https://www.edeka24.de/Lebensmittel/Getraenke/Energydrinks/Booster-Energydrink-Cactus-Fruit-0-33L.html,https://www.edeka24.de/out/pictures/generated/product/1/540_540_90/booster_kaktusfrucht_033ldpg.jpg
382,Lebensmittel,Getränke,Energydrinks,"Red Bull White Edition Kokos-Blaubeere 0,25L","0,99 €","3,96 €/l","zzgl. 0,25 € Pfand","inkl. MwSt., zzgl. 4.95 € Versandkosten.",2023-05-02 23:08:32.308009,Energy Drink mit dem Geschmack von Kokos-Blaubeere,,"Verantwortliches Lebensmittelunternehmen:
Red Bull GmbH, 5330 Fuschl am See, Österreich","Zutatenverzeichnis: Wasser, Saccharose, Glucose, Säuerungsmittel (Citronensäure), Kohlensäure, Taurin (0,4%), Säureregulator (Natriumcitrate), Koffein (0,03%), Vitamine (Niacin, Pantothensäure, B6, B12), Aromen, Stabilisatoren (Glycerinester aus Wurzelharz, Saccharoseacetatisobutyrat),Farbstoffe (Zuckerkulör, Brillantblau FCF).",191,45,0,0,11,11,0,"0,1",https://www.edeka24.de/Lebensmittel/Getraenke/Energydrinks/Red-Bull-White-Edition-Kokos-Blaubeere-0-25L.html,https://www.edeka24.de/out/pictures/generated/product/1/540_540_90/unbenannt(3).jpg
383,Lebensmittel,Getränke,Energydrinks,"Booster Energydrink Ice 0,33L","0,79 €","2,39 €/l","zzgl. 0,25 € Pfand","inkl. MwSt., zzgl. 4.95 € Versandkosten.",2023-05-02 23:08:35.092532,Koffeinhaltiges Erfrischungsgetränk mit Eisbonbongeschmack und Zusatz von 3 Vitaminen.,,"Verantwortliches Lebensmittelunternehmen:
Veritas Vertriebsgesellschaft mbH, 22291 Hamburg","Zutatenverzeichnis: Wasser, Zucker, Kohlensäure, Taurin, Säuerungsmittel: Citronensäure; Invertzuckersirup, Koffein, Aroma, Vitaminmischung: Niacin, Phantothensäure, Vitamin B6; Farbstoff: Brillantblau FCF.",182,43,0,0,"10,5","10,5",0,"0,008",https://www.edeka24.de/Lebensmittel/Getraenke/Energydrinks/Booster-Energydrink-Ice-0-33L.html,https://www.edeka24.de/out/pictures/generated/product/1/540_540_90/booster_ice_033l_dpg.jpg
384,Lebensmittel,Getränke,Energydrinks,Red Bull Energy Drink Sugarfree 4x 250ML,"5,49 €","5,49 €/l","zzgl. 1,00 € Pfand","inkl. MwSt., zzgl. 4.95 € Versandkosten.",2023-05-02 23:08:37.799930,-,,"Verantwortliches Lebensmittelunternehmen:
Red Bull GmbH, AU-5330 Fuschl am See","Zutatenverzeichnis: Wasser, Säuerungsmittel (Citronensäure), Kohlensäure,Taurin (0,4%), Säureregulatoren,(Natriumcarbonate, Magnesiumcarbonate), Süßungsmittel (Acesulfam K, Aspartam), Koffein (0,03%), Vitamine (Niacin, Pantothensäure, B6, B12), Aromen,Verdickungsmittel (Xanthan), Farbstoffe (Zuckerkulör, Riboflavine). Enthält eine Phenylalaninquelle.",13,3,0,0,0,0,0,"0,1",https://www.edeka24.de/Lebensmittel/Getraenke/Energydrinks/Red-Bull-Energy-Drink-Sugarfree-4x-250ML.html,https://www.edeka24.de/out/pictures/generated/product/1/540_540_90/red_bull_energy_drink_sugarfree_4x250ml.jpg
385,Lebensmittel,Getränke,Energydrinks,"Monster Energydrink Nitro Super Dry 0,5L","1,59 €","3,18 €/l","zzgl. 0,25 € Pfand","inkl. MwSt., zzgl. 4.95 € Versandkosten.",2023-05-02 23:08:40.305758,"Energy-Drink, Koffeinhaltiges Erfrischungsgetränk mit Taurin, Ginseg, L-Carnithin, B-Vitaminen mit Zuckern und Süßungsmitteln.",,"Verantwortliches Lebensmittelunternehmen:
Monster Energy Limited, South Bank House, Barrow Street, Dublin 4, Ireland","Zutatenverzeichnis: Wasser, Zucker, Glukosesirup, Aromen, Säuerungsmittel (Citronensäure), Taurin (0,4%), Säureregulator (Natriumcitrate), Kohlensäure, Panax Ginseng Wurzelextrakt (0,08%), Schaummittel (Distickstoffoxid), Maltodextrin, Konservierungsstoffe (Kaliumsorbat, Natriumbenzoat), Koffein (0,03%), Vitaminmischung (Nicotinamid, Vitamin B6, Riboflavin, Vitamin B12), L-Carnitin-L-Tartrat (0,004%), Süßungsmittel (Sucralose), Inosit, Farbstoff (E 133).",198,47,0,0,12,11,0,0,https://www.edeka24.de/Lebensmittel/Getraenke/Energydrinks/Monster-Energydrink-Nitro-Super-Dry-0-5L.html,https://www.edeka24.de/out/pictures/generated/product/1/540_540_90/monster_nitro_super_dry_05l_dpg.jpg
386,Lebensmittel,Getränke,Energydrinks,"Booster Absolute Zero Energydrink 0,33L","0,79 €","2,39 €/l","zzgl. 0,25 € Pfand","inkl. MwSt., zzgl. 4.95 € Versandkosten.",2023-05-02 23:08:43.226612,Koffeinhaltiges Erfrischungsgetränk mit Süßungsmitteln und Zusatz von 4 Vitaminen.,,"Verantwortliches Lebensmittelunternehmen:
EUCO GmbH, D-22291 Hamburg","Zutatenverzeichnis: Wasser, Säuerungsmittel: Citronensäure; Kohlensäure, Taurin, Säureregulator: Natriumcitrate; Aroma, Süßungsmittel: Acesulfam-K, Aspartam¹; Koffein, Farbstoff: Ammoniak-Zuckerkulör; Vitaminmischung; Niacin, Pantothensäure, Vitamin B6, Vitamin B12. ¹enthält eine Phenylalaninquelle",10,2,0,0,0,0,"0,02","0,17",https://www.edeka24.de/Lebensmittel/Getraenke/Energydrinks/Booster-Absolute-Zero-Energydrink-0-33L.html,https://www.edeka24.de/out/pictures/generated/product/1/540_540_90/booster_absolzero_033l_dpg.jpg
387,Lebensmittel,Getränke,Energydrinks,"Monster Energydrink Pipeline Punch 0,5L","1,59 €","3,18 €/l","zzgl. 0,25 € Pfand","inkl. MwSt., zzgl. 4.95 € Versandkosten.",2023-05-02 23:08:46.238223,"Energy-Drink: Koffeinhaltiges Erfrischungsgetränk mit 6% Fruchtsaftaus Fruchtsaftkonzentraten, Taurin, L-Carnitin, Inosit, B-Vitaminen, mit Zuckern und Süßungsmitteln.",,"Verantwortliches Lebensmittelunternehmen:
Coca-Cola European Partners Deutschland GmbH, Postfach 67 01 56, 10207 Berlin","Zutatenverzeichnis: Wasser, 6% Fruchtsaft aus Fruchtsaftkonzentraten (Orange, Apfel, Guave, Ananas, Passionsfrucht), Zucker, Glukosesirup, Kohlensäure, Taurin (0,4%), Säuerungsmittel (Citronensäure), Maltodextrin, Aromen, Säureregulator (Natriumcitrate), Konservierungsstoffe (Kaliumsorbat, Natriumbenzoat), Koffein (0,03 %), Süßungsmittel (Sucralose), Vitaminmischung (Nicotinamid, Vitamin B6, Riboflavin, Vitamin B12), Pflanzliche Öle (Kokosnuss, Raps), modifizierte Stärke, L-Carnitin-L-Tartrat (0,004%), Salz, Inosit (0,002%), Farbstoff (Carotin).",38,153,0,0,9,"8,5",0,"0,04",https://www.edeka24.de/Lebensmittel/Getraenke/Energydrinks/Monster-Energydrink-Pipeline-Punch-0-5L.html,https://www.edeka24.de/out/pictures/generated/product/1/540_540_90/monster_pipeline_punch_05l_dpg.jpg
388,Lebensmittel,Getränke,Energydrinks,Red Bull Energy Drink Sugarfree 250ML,"0,99 €","3,96 €/l","zzgl. 0,25 € Pfand","inkl. MwSt., zzgl. 4.95 € Versandkosten.",2023-05-02 23:08:48.979933,Koffeinhaltiges Tauringetränk mit Süßungsmittel,,"Verantwortliches Lebensmittelunternehmen:
Red Bull GmbH, Am Brunnen 1, AT 5330 Fuschl am See","Zutatenverzeichnis: Wasser, Säuerungsmittel (Citronensäure), Kohlensäure,Taurin (0,4%), Säureregulatoren,(Natriumcarbonate, Magnesiumcarbonate), Süßungsmittel (Acesulfam K, Aspartam), Koffein (0,03%), Vitamine (Niacin, Pantothensäure, B6, B12), Aromen,Verdickungsmittel (Xanthan), Farbstoffe (Zuckerkulör, Riboflavine). Enthält eine Phenylalaninquelle.",3,13,0,0,0,0,0,"0,1",https://www.edeka24.de/Lebensmittel/Getraenke/Energydrinks/Red-Bull-Energy-Drink-Sugarfree-250ML.html,https://www.edeka24.de/out/pictures/generated/product/1/540_540_90/red_bull_energydrink_sugarfree_250_ml(1).jpg
389,Lebensmittel,Getränke,Energydrinks,"Monster Energydrink Ultra Watermelon 0,5l","1,59 €","3,18 €/l","zzgl. 0,25 € Pfand","inkl. MwSt., zzgl. 4.95 € Versandkosten.",2023-05-02 23:08:51.668779,"Koffeinhaltiges Erfrischungsgetränk mit Wassermelonengeschmack, Taurin, L-Carnitin, B-Vitaminen, mit Süßungsmitteln.",,"Verantwortliches Lebensmittelunternehmen:
Coca-Cola European Partners Deutschland GmbH, Postfach 67 01 56, 10207 Berlin","Zutatenverzeichnis: Wasser, Kohlensäure, Säuerungsmittel (Citronensäure), Geschmacksverstärker (Erythrit), Taurin (0,4%), Aromen, Säureregulator (Natriumcitrate), Panax Ginseng Wurzelextrakt (0,08%), Konservierungsstoffe (Sorbinsäure, Benzoesäure), Süßungsmittel (Sucralose, Acesulfam K), Koffein (0,03%), L-Carnitin-L-Tartrat (0,015%), Vitaminmischung (Nicotinamid, Pantothensäure, Vitamin B6, Vitamin B12), Gemüsekonzentrate (Karotte, Süßkartoffel), Farbstoff (Carotin), Inosit.",11,3,0,0,"1,3","0,1",0,0,https://www.edeka24.de/Lebensmittel/Getraenke/Energydrinks/Monster-Energydrink-Ultra-Watermelon-0-5l.html,https://www.edeka24.de/out/pictures/generated/product/1/540_540_90/monster_ultra_watermelon_05l_dpg.jpg
390,Lebensmittel,Getränke,Energydrinks,"Monster Energydrink Assault 0,5L","1,59 €","3,18 €/l","zzgl. 0,25 € Pfand","inkl. MwSt., zzgl. 4.95 € Versandkosten.",2023-05-02 23:08:53.967465,"Koffeinhaltiges Erfrischungsgetränk mit Taurin, l-Carnithin, Inosit und B-Vitaminen.",Hinweis zur Aufbewahrung: Kühl und trocken lagern.,"Verantwortliches Lebensmittelunternehmen:
Monster Energy Limited, South Bank House, Barrow Street, Dublin 4, Ireland","Zutatenverzeichnis: Wasser, Zucker, Glukosesirup, Maltodextrin, Kohlensäure, Taurin (0,4%), Farbstoff (E150d), Säuerungsmittel (Phosphorsäure), Säureregulator (Natriumcitrate), Panax Ginseng Wurzelextrakt (0,08%), Aromen, L-Carnitin-L-Tartrat (0,04%), Konservierungsstoffe (Sorbinsäure, Benzoesäure), Koffein (0,03%), Vitaminmischung (Nicotinamid, Vitamin B6, Riboflavin, Vitamin B12), Salz, Inosit (0,002%).",302,71,0,0,18,16,0,"0,06",https://www.edeka24.de/Lebensmittel/Getraenke/Energydrinks/Monster-Energydrink-Assault-0-5L.html,https://www.edeka24.de/out/pictures/generated/product/1/540_540_90/monster_energy_assault_05l_dpg.jpg
391,Lebensmittel,Getränke,Energydrinks,"Monster Energydrink The Doctor 0,5L","1,59 €","3,18 €/l","zzgl. 0,25 € Pfand","inkl. MwSt., zzgl. 4.95 € Versandkosten.",2023-05-02 23:08:56.350408,"Energy-Drink, Koffeinhaltiges Erfrischungsgetränk mit 4% Fruchtsaft aus Fruchtsaftkonzentraten, Taurin, L-Carnithin, Guarana, B-Vitaminen mit Zuckern und Süßungsmitteln.",,"Verantwortliches Lebensmittelunternehmen:
Monster Energy Limited, South Bank House, Barrow Street, Dublin 4, Ireland","Zutatenverzeichnis: Wasser, Zucker, 4% Fruchtsaft aus Fruchtsaftkonzentraten (Orange, Zitrone), Glukosesirup, Kohlensäure, Zitronenzellen, Aromen, Taurin (0,4%), Säureregulatoren (Calciumlactat, Natriumcitrate), Säuerungsmittel (Citronensäure, Ascorbinsäure), Panax Ginsengwurzelextrakt (0,08%), Konservierungsstoff (Kaliumsorbat), Koffein (0,03%), Vitaminmischung (Riboflavin, Nicotinsäureamid), Vitamin B6, Vitamin B12, L-Carnitin-L-Tartrat (0,004%) Natriumchlorid, Glucuronolacton Guaranasamenextrakt (0,002%) Inosit.",186,44,0,0,11,10,0,0,https://www.edeka24.de/Lebensmittel/Getraenke/Energydrinks/Monster-Energydrink-The-Doctor-0-5L.html,https://www.edeka24.de/out/pictures/generated/product/1/540_540_90/monster_rossi_05l_dpg.jpg
392,Lebensmittel,Getränke,Energydrinks,"Effect Energydrink 0,33L","1,09 €","3,30 €/l","zzgl. 0,25 € Pfand","inkl. MwSt., zzgl. 4.95 € Versandkosten.",2023-05-02 23:09:00.435979,koffeinhaltiges Erfrischungsgetränk,,"Verantwortliches Lebensmittelunternehmen:
MBG International Premium Brands GmbH, Oberes Feld 13 33106 Paderborn","Zutatenverzeichnis: Wasser, Zucker, Säuerungsmittel Citronensäure (E330), Kohlensäure, Taurin, Säureregulator Trinatriumcitrat (E331), Aroma, Glucoronolacton, Kofffein, Farbstoff E 150c (Ammoniak-Zuckerkulör), Inosit, Vitaminmischung: Niacin, Pantothensäure, Vitamin B6, Vitamin B2 und Vitamin B12",194,46,0,0,11,11,0,"0,17",https://www.edeka24.de/Lebensmittel/Getraenke/Energydrinks/Effect-Energydrink-0-33L.html,https://www.edeka24.de/out/pictures/generated/product/1/540_540_90/effect_energydrink.jpg
393,Lebensmittel,Getränke,Energydrinks,Red Bull Yellow Edition Tropical 250ML,"0,99 €","3,96 €/l","zzgl. 0,25 € Pfand","inkl. MwSt., zzgl. 4.95 € Versandkosten.",2023-05-02 23:09:03.423865,Energydrink mit dem Geschmack tropischer Früchte,,"Verantwortliches Lebensmittelunternehmen:
Red Bull GmbH, 5330 Fuschl am See, Österreich","Zutatenverzeichnis: Wasser, Saccharose, Glucose, Säuerungsmittel Zitronensäure, Kohlensäure, Taurin 0,4%, Säureregulator (Natriumcarbonate), Koffein 0,03%, Vitamine (Niacin, Pantothensäure, B6, B12), Aroma, Farbstoffe (einfacher Zuckerkulör, Beta-apo-8-Carotinal(C30), Riboflavin)Stabilisator(Saccharoseacetatisobutyrat,Glycerineter aus Wurzelharz).",198,46,0,0,11,11,0,"0,1",https://www.edeka24.de/Lebensmittel/Getraenke/Energydrinks/Red-Bull-Yellow-Edition-Tropical-250ML.html,https://www.edeka24.de/out/pictures/generated/product/1/540_540_90/red_bull_yellow_edition_025l_dpg.jpg
394,Lebensmittel,Getränke,Energydrinks,"Booster Energydrink Watermelon 0,33L","0,79 €","2,39 €/l","zzgl. 0,25 € Pfand","inkl. MwSt., zzgl. 4.95 € Versandkosten.",2023-05-02 23:09:06.211960,Koffeinhaltiges Erfrischungsgetränk mit Wassermelonengeschmack und Zusatz von 4 Vitaminen.,,"Verantwortliches Lebensmittelunternehmen:
Veritas Vertriebsgesellschaft mbH, 22291 Hamburg","Zutatenverzeichnis: Wasser, Zucker, Apfelsaftkonzentrat, Kohlensäure, Taurin, Säuerungsmittel: Citronensäure; färbendes Lebensmittel: Karottenkonzentrat; Wassermelonensaftkonzentrat, Koffein, Invertzuckersirup, Aroma, Vitaminmischung: Niacin, Pantothensäure, Vitamin B6, Vitamin B12; Stabilisator: E445; modifizierte Stärke.",169,40,0,0,"9,6","9,6",0,"0,003",https://www.edeka24.de/Lebensmittel/Getraenke/Energydrinks/Booster-Energydrink-Watermelon-0-33L.html,https://www.edeka24.de/out/pictures/generated/product/1/540_540_90/booster_wassermelone_033l_dpg.jpg
395,Lebensmittel,Getränke,Energydrinks,28 Black Sour Mango-Kiwi 250ML,"1,69 €","6,76 €/l","zzgl. 0,25 € Pfand","inkl. MwSt., zzgl. 4.95 € Versandkosten.",2023-05-02 23:09:09.333308,Koffeinhaltiges Erfrischungsgetränk mit Mango-Kiwi Geschmack.,,"Verantwortliches Lebensmittelunternehmen:
Calidris 28 Deutschland GmbH, Kuckucksweg 10, 14195 Berlin","Zutatenverzeichnis: Wasser, Zucker, Säuerungsmittel (Citronensäure), Kohlensäure, Vitaminmischung (Vitamin C, NIACIN, Pantothensäure, Vitamin B6, Vitamin B12), Koffein, Inosit, Aroma, Farbtoff (E160a).",182,43,0,0,10,10,0,0,https://www.edeka24.de/Lebensmittel/Getraenke/Energydrinks/28-Black-Sour-Mango-Kiwi-250ML.html,https://www.edeka24.de/out/pictures/generated/product/1/540_540_90/28_black_sour_mangokiwi_025_ltr.jpg
396,Lebensmittel,Getränke,Energydrinks,"Monster Energydrink Juice Mango Loco 0,5L","1,59 €","3,18 €/l","zzgl. 0,25 € Pfand","inkl. MwSt., zzgl. 4.95 € Versandkosten.",2023-05-02 23:09:12.062731,"Koffeinhaltiges Erfrischungsgetränk mit 15 % Fruchtsaft aus Fruchtsaftkonzentraten, Taurin, L-Carnitin, Inoisit, B-Vitaminen mit Zuckern und Süßungsmitteln.",,"Verantwortliches Lebensmittelunternehmen:
Coca-Cola European Partners Deutschland GmbH, Postfach 67 01 56, 10207 Berlin","Zutatenverzeichnis: Wasser, 15% Fruchtsaft aus Fruchtsaftkonzentraten (weißeTraube Mango, Guave, Apfel, Ananas, Passionsfrucht, Aprikose, Pfirsich,Orange, Zitrone), Zucker, Glukosesirup, Kohlensäure, Säurungsmittel (Citronensäure), Taurin (0,4%), Säureregulatoren (Kaliumcitrate, Natriumcitrate), Aroma, Maltodextrin, Konservierungsstoffe (Kaliumsorbat, Natriumbenzoat), Koffein (0,03%), Vitaminmischung (Riboflavin, Nicotinanmid, Vitamin B6, Vitamin B12), Stabilisatoren (Xanthan, Natriumalginat), Süßungsmittel (Sucralose), L-Carnitin-L-Tartrat (0,004%), Salz, Inosit (0,002%), Farbstoff (Carotin), Pflanzliche Öle (Kokosnuss, Raps), Modifizierte Stärke.","49,00000","211,00000","0,00000","0,00000","12,00000","12,00000","0,00000","0,04000",https://www.edeka24.de/Lebensmittel/Getraenke/Energydrinks/Monster-Energydrink-Juice-Mango-Loco-0-5L.html,https://www.edeka24.de/out/pictures/generated/product/1/540_540_90/monster_juice_mango_loco_05l.jpg
397,Lebensmittel,Getränke,Energydrinks,"Booster Juicy Energydrink 0,33L","0,79 €","2,39 €/l","zzgl. 0,25 € Pfand","inkl. MwSt., zzgl. 4.95 € Versandkosten.",2023-05-02 23:09:15.124302,Koffeinhaltiges Erfrischungsgetränk mit Granatapfel-Cranberry-Geschmack,,"Verantwortliches Lebensmittelunternehmen:
EUCO GmbH, D-22291 Hamburg","Zutatenverzeichnis: Wasser, Zucker, Apfelsaftkonzentrat, Kohlensäure, Taurin, Säuerungsmittel: Citronensäure; Granatapfelsaftkonzentrat, färbendes Lebensmittel: Karottensaftkonzentrat; Aroma, Koffein, Vitaminmischung: Niacin, Pantothensäure, Vitamin B6, Vitamin B12; Cranberrysaftkonzentrat,, Guaranaextrakt.",44,185,"0,1","0,01","10,4","10,4","0,01","0,02",https://www.edeka24.de/Lebensmittel/Getraenke/Energydrinks/Booster-Juicy-Energydrink-0-33L.html,https://www.edeka24.de/out/pictures/generated/product/1/540_540_90/booster_juicy_330ml_dose_dpg.jpg
398,Lebensmittel,Getränke,Energydrinks,"Monster Energydrink Punch 0,5L","1,59 €","3,18 €/l","zzgl. 0,25 € Pfand","inkl. MwSt., zzgl. 4.95 € Versandkosten.",2023-05-02 23:09:18.021479,"Koffeinhaltiges Erfrischungsgetränk mit 5,3% Fruchtsaft aus Fruchtsaftkonzentraten, Taurin, L-Carnitin, Guarana und B-Vitaminen mit Zucker und Süßungsmittel.",,"Verantwortliches Lebensmittelunternehmen:
Coca-Cola European Partners Deutschland GmbH, Postfach 67 01 56, 10207 Berlin","Zutatenverzeichnis: Wasser, Zucker, 5,3% Fruchtsaft aus Fruchtsaftkonzentraten (Apfel, Kirsche, Mango, Cranberry, Banane), Glukosesirup, Kohlensäure, Taurin (0,04%), Säuerungsmittel (Citronensäure), Panax Ginseng Wurzelextrakt (0,08%), Säureregulator (Natriumcitrate), Aromen, Verdickungsmittel (Pektine), Konservierungsstoffe (Kaliumsorbat, Natriumbenzonat), Koffein (0,03%), Süßungsmittel (Sucralose), Vitaminmischung (Nicotinamid, Vitamin B6, Riboflavin, Vitamin B12), Farbstoffe (E120, E163), L-Carnithin-L-Tartrat (0,004%), Stabilisatoren (Gummi Arabicum, Glycerinester aus Wurzelharz), Salz, Glucuronolacton, Guaranasamenextrakt (0,002%), Inosit (0,002%), Maltodextrin.",38,161,0,0,"9,5",9,0,"0,05",https://www.edeka24.de/Lebensmittel/Getraenke/Energydrinks/Monster-Energydrink-Punch-0-5L.html,https://www.edeka24.de/out/pictures/generated/product/1/540_540_90/monster_punch_baller039s_blend_energydrink_05_ltr.jpg
399,Lebensmittel,Getränke,Energydrinks,"Monster Energydrink Ultra Paradise Zero Zucker 0,5L","1,59 €","3,18 €/l","zzgl. 0,25 € Pfand","inkl. MwSt., zzgl. 4.95 € Versandkosten.",2023-05-02 23:09:21.074623,"Energy-Drink: Koffeinhaltiges Erfrischungsgetränk mit Taurin, L-Carnitin, B-Vitaminen mit Süßungsmitteln.",,"Verantwortliches Lebensmittelunternehmen:
Monster Energy Limited, South Bank House, Barrow Street, Dublin 4, Ireland","Zutatenverzeichnis: Wasser, Säuerungsmittel (Citronensäure), Kohlensäure, Taurin (0,4%), Säureregulator (Natriumcitrate), Panax Ginseng Wurzelextrakt (0,08%), Aromen, Konservierungsstoffe (Kaliumsorbat, Natriumbenzoat), Süßungsmittel (Acesulfam K, Sucralose), Maltodextrin, Koffein (0,03 %), Vitaminmischung (Nicotinamid, Pantothensäure, Vitamin B6, Vitamin B12), L-Carnitin-L-Tartrat (0,015%), Salz, Saflor Extrakt, Pflanzliche Öle (Kokosnuss, Rapssamen), Modifizierte Stärke, Inosit, Farbstoffe (E133)",12,3,0,0,"0,9",0,0,"0,16",https://www.edeka24.de/Lebensmittel/Getraenke/Energydrinks/Monster-Energydrink-Ultra-Paradise-Zero-Zucker-0-5L.html,https://www.edeka24.de/out/pictures/generated/product/1/540_540_90/monsterultra_paradise_05l_dpg.jpg
400,Lebensmittel,Getränke,Energydrinks,"Monster Energydrink 0,5L","1,59 €","3,18 €/l","zzgl. 0,25 € Pfand","inkl. MwSt., zzgl. 4.95 € Versandkosten.",2023-05-02 23:09:23.581060,"Koffeinhaltiges Erfrischungsgetränk mit Taurin, L-Carnithin, Guarana, B-Vitaminen mit Zuckern und Süßungsmitteln.",Hinweis zur Aufbewahrung: Kühl und trocken lagern.,"Verantwortliches Lebensmittelunternehmen:
Monster Energy Limited, South Bank House, Barrow Street, Dublin 4, Ireland","Zutatenverzeichnis: Wasser, Zucker, Glukosesirup, Säuerungsmittel (Citronensäure), Aromen, Kohlensäure, Taurin (0,4%), Ingwerwurzelextrakt (0,1%), Säureregulator (Natriumcitrate), Panax Ginseng Wurzelextrakt (0,08%), L-Carnitin-L-Tartrat (0,04%), Konservierungsstoffe (Sorbinsäure,Bentoesäure), Koffein(0,03%), Farbstoff (Anthocyane), Vitaminmischung (Nicotinamid, Vitamin B6, Riboflavin, Vitamin B12), Süßungsmittel (Sucralose), Salz, Glucuronilacton, Guaranasamenextrakt (0,002%), Insoit.",201,47,0,0,12,11,0,"0,19",https://www.edeka24.de/Lebensmittel/Getraenke/Energydrinks/Monster-Energydrink-0-5L.html,https://www.edeka24.de/out/pictures/generated/product/1/540_540_90/monster_energy_05l_dpg.jpg
401,Lebensmittel,Getränke,Energydrinks,Red Bull Energy Drink 355ML,"1,69 €","4,76 €/l","zzgl. 0,25 € Pfand","inkl. MwSt., zzgl. 4.95 € Versandkosten.",2023-05-02 23:09:26.325470,-,,"Verantwortliches Lebensmittelunternehmen:
Red Bull GmbH, 5330 Fuschl am See, Österreich","Zutatenverzeichnis: Wasser,Saccharose, Glucose, Säuerungsmittel Zitronensäure, Kohlensäure, Taurin 0,4%, Säureregulator (Natriumcarbonate, Magnesiumcarbonate), Koffein 0,03%, Vitamine (Niacin, Pantothensäure, B6, B12), Aromen, Farbstoffe (Zuckerkulör, Riboflavine)",46,195,g,g,11,11,0,"0,1",https://www.edeka24.de/Lebensmittel/Getraenke/Energydrinks/Red-Bull-Energy-Drink-355ML.html,https://www.edeka24.de/out/pictures/generated/product/1/540_540_90/red_bull_energy_drink_groe_dose_0355_ltr.jpg
402,Lebensmittel,Getränke,Energydrinks,"Monster Energydrink Khaotic 0,5L","1,59 €","3,18 €/l","zzgl. 0,25 € Pfand","inkl. MwSt., zzgl. 4.95 € Versandkosten.",2023-05-02 23:09:28.993046,"Energy-Drink, Koffeinhaltiges Erfrischungsgetränk mit 10% Fruchtsaft aus Fruchtsaftkonzentraten, Taurin, L-Carnithin, B-Vitaminen, mit Zuckern und Süßungsmitteln.",,"Verantwortliches Lebensmittelunternehmen:
Monster Energy Limited, South Bank House, Barrow Street, Dublin 4, Ireland","Zutatenverzeichnis: Wasser, 10% Fruchtsaft aus Fruchtsaftkonzentraten (Apfel, Orange, Pfirsich, Mandarine, weiße Traube, Ananas), Zucker, Glukosesirup, Aromen, Kohlensäure, Taurin (0,4%), Säuerungsmittel (Citronensäure, Äpfelsäure), Säureregulatoren (Natriumcitrate, Kaliumcitrate), Panax Ginseng Wurzelextrakt (0,08%), Konservierungsstoff (Kaliumsorbat), Koffein (0,03%), Süßungsmittel (Sucralose, Steviolglycoside), Vitaminmischung (Nicotinamid, Vitamin B6, Riboflavin, Vitamin B12), Farbstoffe (Carotin, Anthocyane), L-Carnitin-L-Tartrat (0,004%), Inosit.",146,34,0,0,"8,6","7,8",0,0,https://www.edeka24.de/Lebensmittel/Getraenke/Energydrinks/Monster-Energydrink-Khaotic-0-5L.html,https://www.edeka24.de/out/pictures/generated/product/1/540_540_90/monster_energy_khaotic_05l_dpg.jpg
403,Lebensmittel,Getränke,Energydrinks,28 Black Açaí 250ML,"1,69 €","6,76 €/l","zzgl. 0,25 € Pfand","inkl. MwSt., zzgl. 4.95 € Versandkosten.",2023-05-02 23:09:32.273752,Koffeinhaltiges Erfrischungsgetränk mit Açaí-Geschmack.,,"Verantwortliches Lebensmittelunternehmen:
Calidris 28 Deutschland GmbH, Kuckucksweg 10, 14195 Berlin","Zutatenverzeichnis: Wasser, Zucker, Isomaltulose*, Açaí-Extrakt, Guarana-Extrakt, Kohlensäure, Koffein, Vitaminmischung (Vitamin C, NIACIN, Pantothensäure, Vitamin B6 und Vitamin B12), Inosit, färbendes Konzentrat aus Karotte, natürliches Aroma, Säuerungsmittel (Citronensäure), Stabilisator (E414). * Isomaltulose ist eine Glukose- und Fruktosequelle",191,45,0,0,11,11,0,"0,02",https://www.edeka24.de/Lebensmittel/Getraenke/Energydrinks/28-Black-A-a-250ML.html,https://www.edeka24.de/out/pictures/generated/product/1/540_540_90/acaiblack28.png
404,Lebensmittel,Getränke,Energydrinks,"Red Bull Energy Drink 0,473L","2,49 €","5,26 €/l","zzgl. 0,25 € Pfand","inkl. MwSt., zzgl. 4.95 € Versandkosten.",2023-05-02 23:09:35.362622,Energy Drink,,"Verantwortliches Lebensmittelunternehmen:
Red Bull GmbH, Am Brunnen 1, 5330 Fuschl am See","Zutatenverzeichnis: Wasser,Saccharose, Glucose, Säuerungsmittel Zitronensäure, Kohlensäure, Taurin 0,4%, Säureregulator (Natriumcarbonate, Magnesiumcarbonate), Koffein 0,03%, Vitamine (Niacin, Pantothensäure, B6, B12), Aroma, Farbstoffe (einfacher Zuckerkulör, Riboflavin).",195,46,0,0,11,11,0,"0,1",https://www.edeka24.de/Lebensmittel/Getraenke/Energydrinks/Red-Bull-Energy-Drink-0-473L.html,https://www.edeka24.de/out/pictures/generated/product/1/540_540_90/rboriggross.jpg
405,Lebensmittel,Getränke,Energydrinks,"28 Black Limette-Minze 0,25L","1,69 €","6,76 €/l","zzgl. 0,25 € Pfand","inkl. MwSt., zzgl. 4.95 € Versandkosten.",2023-05-02 23:09:38.439525,Koffeinhaltiges Erfrischungsgetränk mit Limetten-Minz-Geschmack. Mit Zusatz von Vitaminen.,,"Verantwortliches Lebensmittelunternehmen:
Calidris 28 Deutschland GmbH, Kuckucksweg 10, 14195 Berlin","Zutatenverzeichnis: Wasser, Zucker, Isomaltulose*, Açaí-Extrakt, Guarana-Extrakt, Kohlensäure, Koffein, Vitaminmischung (Vitamin C, NIACIN, Pantothensäure, Vitamin B6 und Vitamin B12), Inosit, färbendes Konzentrat aus Karotte, natürliches Aroma, Säuerungsmittel (Citronensäure), Stabilisator (E414). * Isomaltulose ist eine Glukose- und Fruktosequelle",195,46,0,0,11,11,0,0,https://www.edeka24.de/Lebensmittel/Getraenke/Energydrinks/28-Black-Limette-Minze-0-25L.html,https://www.edeka24.de/out/pictures/generated/product/1/540_540_90/28_black_limetteminze_025l_dpg.jpg
406,Lebensmittel,Getränke,Energydrinks,Red Bull Energy Drink Sugarfree 355ML,"1,69 €","4,76 €/l","zzgl. 0,25 € Pfand","inkl. MwSt., zzgl. 4.95 € Versandkosten.",2023-05-02 23:09:41.200749,-,,"Verantwortliches Lebensmittelunternehmen:
Red Bull GmbH, Am Brunnen 1, AT 5330 Fuschl am See","Zutatenverzeichnis: Wasser, Säuerungsmittel (Citronensäure), Kohlensäure,Taurin (0,4%, Säurekatalysatoren (Natriumcarbonate, Magnesiumcarbonate), Süßungsmittel (Acesulfam K, Aspartam), Koffein (0,03%), Vitamine (Niacin, Pantothensäure, B6, B12), Aromen,Verdickungsmittel (Xanthan), Farbstoffe (Zuckerkulör, Riboflavine). Enthält eine Phenylalaninquelle.",13,3,0,0,0,0,0,"0,1",https://www.edeka24.de/Lebensmittel/Getraenke/Energydrinks/Red-Bull-Energy-Drink-Sugarfree-355ML.html,https://www.edeka24.de/out/pictures/generated/product/1/540_540_90/red_bull_sugarfree_0355l_dpg.jpg
407,Lebensmittel,Getränke,Energydrinks,Red Bull Purple Edition Acai 250ML,"1,29 €","5,16 €/l","zzgl. 0,25 € Pfand","inkl. MwSt., zzgl. 4.95 € Versandkosten.",2023-05-02 23:09:43.623099,Energy Drink mit dem Geschmack von Açai,,"Verantwortliches Lebensmittelunternehmen:
Red Bull GmbH, 5330 Fuschl am See, Österreich","Zutatenverzeichnis: Wasser, Saccharose, Säuerungsmittel (Citronensäure), Kohlensäure, Taurin (0,4%), Säureregulatoren (Natriumcarbonate, Magnesiumcarbonate), Koffein (0,03%), Vitamine (Niacin, Pantothensäure, B6, B12), Aromen, Farbstoffe (Anthocyane, Riboflavine).",44,188,0,0,10,10,0,"0,1",https://www.edeka24.de/Lebensmittel/Getraenke/Energydrinks/Red-Bull-Purple-Edition-Acai-250ML.html,https://www.edeka24.de/out/pictures/generated/product/1/540_540_90/red_bull_purple_edition_acai_250_ml.jpg
408,Lebensmittel,Getränke,Energydrinks,28 Black Açaí Zero 250ML,"1,69 €","6,76 €/l","zzgl. 0,25 € Pfand","inkl. MwSt., zzgl. 4.95 € Versandkosten.",2023-05-02 23:09:47.009120,"Kalorienfreies, koffeinhaltiges Erfrischungsgetränk mit Açaí-Geschmack. Mit Süßungsmitteln.",,"Verantwortliches Lebensmittelunternehmen:
Calidris 28 Deutschland GmbH, Kuckucksweg 10, 14195 Berlin","Zutatenverzeichnis: Wasser, Açaí-Extrakt, Guarana-Extrakt, Kohlensäure, Koffein, Süßungsmittel (Natriumcyclamat, Acesulfam-K, Aspartam), Vitaminmischung (Vitamin C, Niacin, Pantothensäure, Vitamin B6, Vitamin B12), Inosit, färbendes Konzentrat aus Karotte, natürliches Aroma, Säuerungsmittel (Citronensäure, Milchsäure), Säureregulator (Trinatriumcitrat), Antioxidationsmittel (Ascorbinsäure), Stabilisator (E414). Enthält eine Phenylalaninquelle. Menge bestimmter Zutaten Nähr- und Brennwerte je 100 ml:5), Säureregulator (Trinatriumcitrat)* Isomaltulose ist eine Glukose- und Fruktosequelle",10,2,g,g,g,g,g,g,https://www.edeka24.de/Lebensmittel/Getraenke/Energydrinks/28-Black-A-a-Zero-250ML.html,https://www.edeka24.de/out/pictures/generated/product/1/540_540_90/28_black_aa_zero.jpg
409,Lebensmittel,Getränke,Säfte,EDEKA Bio Trauben Saft 1L,"2,39 €","2,39 €/l","inkl. MwSt., zzgl. 4.95 € Versandkosten.",lieferbar innerhalb von 2-5 Werktagen,2023-05-02 23:09:50.054828,"Traubensaft, Fruchtgehalt: 100%",Hinweis zur Aufbewahrung: Nach dem Öffnen kühl und stehend lagern und innerhalb von 2-3 Tagen verbrauchen.,"Verantwortliches Lebensmittelunternehmen:
EDEKA ZENTRALE Stiftung & Co. KG, D-22291 Hamburg",,285,67,"0,1","0,002",16,16,"0,2","0,008",https://www.edeka24.de/index.php?cl=details&anid=c284d997e4d3b8896.67876855&emcs0=3&emcs1=Kategorieseite%20-%20Topseller&emcs2=&emcs3=897867001,https://www.edeka24.de/out/pictures/generated/product/1/540_540_90/edeka_bio_trauben_saft_1_ltr.jpg
410,Lebensmittel,Getränke,Säfte,EDEKA Bio Kokoswasser 330ML,"1,59 €","4,82 €/l","inkl. MwSt., zzgl. 4.95 € Versandkosten.",lieferbar innerhalb von 2-5 Werktagen,2023-05-02 23:09:53.228341,"Kokoswasser, aus kontrolliert ökologischer Landwirtschaft",Hinweis zur Aufbewahrung: Die geschlossene Packung kann ungekühlt gelagert werden. Nach dem Öffnen im Kühlschrank aufbewahren und alsbaldig verbrauchen.,"Verantwortliches Lebensmittelunternehmen:
EDEKA ZENTRALE Stiftung & Co. KG, D-22291 Hamburg",,65,15,0,0,"3,8","3,2",0,"0,08",https://www.edeka24.de/index.php?cl=details&anid=6314a5d4b5c519e735eb4fb4367a1bae&emcs0=3&emcs1=Kategorieseite%20-%20Topseller&emcs2=&emcs3=3131724001,https://www.edeka24.de/out/pictures/generated/product/1/540_540_90/bio_edeka_kokosnusswasser_330ml.jpg
411,Lebensmittel,Getränke,Säfte,EDEKA Apfel Direktsaft naturtrüb 1L,"1,29 €","1,29 €/l","inkl. MwSt., zzgl. 4.95 € Versandkosten.",lieferbar innerhalb von 2-5 Werktagen,2023-05-02 23:09:56.104217,"Apfelsaft naturtrüb, angereichert mit Vitamin C",Hinweis zur Aufbewahrung: Nach dem Öffnen kühl und stehend aufbewahren und innerhalb von 2-3 Tagen verbrauchen.,"Verantwortliches Lebensmittelunternehmen:
EDEKA ZENTRALE Stiftung & Co. KG, D-22291 Hamburg","Zutatenverzeichnis: Apfelsaft, Vitamin C.",204,48,"0,1","0,02",11,"10,5","0,1","0,005",https://www.edeka24.de/index.php?cl=details&anid=c284d997e769dbaa5.16333670&emcs0=3&emcs1=Kategorieseite%20-%20Topseller&emcs2=&emcs3=1244435003,https://www.edeka24.de/out/pictures/generated/product/1/540_540_90/edeka_apfel_direktsaft_naturtrb.jpg
412,Lebensmittel,Getränke,Säfte,"Alnatura Bio Gemüsesaft 0,5L","1,59 €","3,18 €/l","inkl. MwSt., zzgl. 4.95 € Versandkosten.",lieferbar innerhalb von 2-5 Werktagen,2023-05-02 23:09:58.570020,"Bio Gemüsesaftmischung aus Karotten-, Sauerkraut- und Selleriesaft mitTomatensaft, teilweise milchsauer vergoren",Hinweis zur Aufbewahrung: Nach dem Öffnen imKühlschrank aufbewahren und innerhalb von 3 Tagen verbrauchen.,"Verantwortliches Lebensmittelunternehmen:
Alnatura Produktions- und Handels GmbH, Mahatma-Gandhi-Str. 7, 64295 Darmstadt","Zutatenverzeichnis: Tomatensaft* 67%, Karottensaft*1 13%, Sauerkrautsaft*1 6%,SELLERIESAFT*1 4%,Rote Bete Saft*1 4%, Gurkensaft*1 2%, Paprikamark* 2%,Zwiebelsaft*1, Bohnensaft*1, Dillsaft*, Kräutermeersalz*(Meersalz, Kräuter*) *ausbiologischer Landwirtschaft 1milchsauer vergoren.",80,19,"0,5","0,1","3,5","3,3","0,9","0,65",https://www.edeka24.de/index.php?cl=details&anid=1c639c46e73a1db845041c910bad60ed&emcs0=3&emcs1=Kategorieseite%20-%20Topseller&emcs2=&emcs3=2970632007,https://www.edeka24.de/out/pictures/generated/product/1/540_540_90/alnatura_bio_gemsesaft.jpg
413,Lebensmittel,Getränke,Säfte,Edeka Bio Orangen Saft 1L,"2,19 €","2,19 €/l","inkl. MwSt., zzgl. 4.95 € Versandkosten.",lieferbar innerhalb von 2-5 Werktagen,2023-05-02 23:10:01.543598,Orangensaft aus Orangensaftkonzentrat,Hinweis zur Aufbewahrung: Vor Gebrauch schütteln. Die angebrochene Packung bitte gekühlt lagern und innerhalb von 2-3 Tagen verbrauchen. mindestens haltbar bis: siehe Giebel,"Verantwortliches Lebensmittelunternehmen:
EDEKA ZENTRALE Stiftung & Co. KG, D-22291 Hamburg",,184,43,"0,2","0,04",9,9,"0,7","0,003",https://www.edeka24.de/index.php?cl=details&anid=8bdc76d1578e37bdac13585a559764a3&emcs0=3&emcs1=Kategorieseite%20-%20Topseller&emcs2=&emcs3=810980006,https://www.edeka24.de/out/pictures/generated/product/1/540_540_90/edeka_bio_orangen_saft_1_ltr.jpg
414,Lebensmittel,Getränke,Säfte,EDEKA Apfel Direktsaft naturtrüb 1L,"1,29 €","1,29 €/l","inkl. MwSt., zzgl. 4.95 € Versandkosten.",lieferbar innerhalb von 2-5 Werktagen,2023-05-02 23:10:06.215846,"Apfelsaft naturtrüb, angereichert mit Vitamin C",Hinweis zur Aufbewahrung: Nach dem Öffnen kühl und stehend aufbewahren und innerhalb von 2-3 Tagen verbrauchen.,"Verantwortliches Lebensmittelunternehmen:
EDEKA ZENTRALE Stiftung & Co. KG, D-22291 Hamburg","Zutatenverzeichnis: Apfelsaft, Vitamin C.",204,48,"0,1","0,02",11,"10,5","0,1","0,005",https://www.edeka24.de/Lebensmittel/Getraenke/Saefte/EDEKA-Apfel-Direktsaft-naturtrueb-1L.html,https://www.edeka24.de/out/pictures/generated/product/1/540_540_90/edeka_apfel_direktsaft_naturtrb.jpg
415,Lebensmittel,Getränke,Säfte,EDEKA Saftliebe Milder Multi 1L,"1,49 €","1,49 €/l","zzgl. 0,25 € Pfand","inkl. MwSt., zzgl. 4.95 € Versandkosten.",2023-05-02 23:10:09.253618,*,,"Verantwortliches Lebensmittelunternehmen:
EDEKA Zentrale Stiftung & Co KG, D-22291 Hamburg","Zutatenverzeichnis: Multivitaminsaft aus Mehrfruchtsaft teilweise aus Fruchtsaftkonzentraten und Karottensaft aus Karottensaftkonzentrat, mit natürlichem Provitamin A aus der Karotte und Zusatz von 8 Vitaminen, Fruchtgehalt: 97,5%, Karottengehalt: 2,5%.",180,43,0,0,10,10,0,"0,01",https://www.edeka24.de/Lebensmittel/Getraenke/Saefte/EDEKA-Saftliebe-Milder-Multi-1L.html,https://www.edeka24.de/out/pictures/generated/product/1/540_540_90/getraenke-fruchtgetr-nke-multivitamin-edeka-multivitaminsaft-mild-100-1la-1349470703.jpg
416,Lebensmittel,Getränke,Säfte,EDEKA Fruchtliebe Milde Orange 1L,"1,49 €","1,49 €/l","zzgl. 0,25 € Pfand","inkl. MwSt., zzgl. 4.95 € Versandkosten.",2023-05-02 23:10:12.370884,Orangen-Acerolasaft aus Fruchtsaftkonzentrat. Fruchtgehalt: 100%,Hinweis zur Aufbewahrung: Nach dem Öffnen kühl aufbewahren und innerhalb von 3-4 Tagen aufbrauchen.,"Verantwortliches Lebensmittelunternehmen:
EDEKA ZENTRALE Stiftung & Co. KG, D-22291 Hamburg","Zutatenverzeichnis: 99,5% Orangensaft aus Orangensaftkonzentrat**, 0,5% Acerolasaft aus Acerolasaftkonzentrat, Antioxidationsmittel: Ascorbinsäure. **Rainforest Alliance-zertifiziert",182,43,"0,2","0,04",9,9,"0,7","0,01",https://www.edeka24.de/Lebensmittel/Getraenke/Saefte/EDEKA-Fruchtliebe-Milde-Orange-1L.html,https://www.edeka24.de/out/pictures/generated/product/1/540_540_90/edeka_fruchtliebe_milde_orange_1l_dpg.jpg
417,Lebensmittel,Getränke,Säfte,Amecke Sanfte Säfte Orange 1L,"1,99 €","1,99 €/l","inkl. MwSt., zzgl. 4.95 € Versandkosten.",lieferbar innerhalb von 2-5 Werktagen,2023-05-02 23:10:15.109687,-,Hinweis zur Aufbewahrung: Nach Anbruch der VitaBox® kühl lagern und innerhalb von 3-4 Tagen verzehren.,"Verantwortliches Lebensmittelunternehmen:
Amecke GmbH & Co. KG, Fröndenberger Str. 15, D-58706 Menden/Sauerland","Zutatenverzeichnis: Orangensaft aus Orangensaftkonzentrat, Orangensaft",177,42,"0,1","0,1","9,0","9,0","0,5","0,01",https://www.edeka24.de/Lebensmittel/Getraenke/Saefte/Amecke-Sanfte-Saefte-Orange-1L.html,https://www.edeka24.de/out/pictures/generated/product/1/540_540_90/amecke_sanfte_sfte_orange.jpg
418,Lebensmittel,Getränke,Säfte,Edeka Bio Orangen Saft 1L,"2,19 €","2,19 €/l","inkl. MwSt., zzgl. 4.95 € Versandkosten.",lieferbar innerhalb von 2-5 Werktagen,2023-05-02 23:10:17.982021,Orangensaft aus Orangensaftkonzentrat,Hinweis zur Aufbewahrung: Vor Gebrauch schütteln. Die angebrochene Packung bitte gekühlt lagern und innerhalb von 2-3 Tagen verbrauchen. mindestens haltbar bis: siehe Giebel,"Verantwortliches Lebensmittelunternehmen:
EDEKA ZENTRALE Stiftung & Co. KG, D-22291 Hamburg",,184,43,"0,2","0,04",9,9,"0,7","0,003",https://www.edeka24.de/Lebensmittel/Getraenke/Saefte/Edeka-Bio-Orangen-Saft-1L.html,https://www.edeka24.de/out/pictures/generated/product/1/540_540_90/edeka_bio_orangen_saft_1_ltr.jpg
419,Lebensmittel,Getränke,Säfte,EDEKA Bio Trauben Saft 1L,"2,39 €","2,39 €/l","inkl. MwSt., zzgl. 4.95 € Versandkosten.",lieferbar innerhalb von 2-5 Werktagen,2023-05-02 23:10:21.185855,"Traubensaft, Fruchtgehalt: 100%",Hinweis zur Aufbewahrung: Nach dem Öffnen kühl und stehend lagern und innerhalb von 2-3 Tagen verbrauchen.,"Verantwortliches Lebensmittelunternehmen:
EDEKA ZENTRALE Stiftung & Co. KG, D-22291 Hamburg",,285,67,"0,1","0,002",16,16,"0,2","0,008",https://www.edeka24.de/Lebensmittel/Getraenke/Saefte/EDEKA-Bio-Trauben-Saft-1L.html,https://www.edeka24.de/out/pictures/generated/product/1/540_540_90/edeka_bio_trauben_saft_1_ltr.jpg
420,Lebensmittel,Getränke,Säfte,Citrovin Zitrone 200ML,"0,79 €","3,95 €/l","inkl. MwSt., zzgl. 4.95 € Versandkosten.",lieferbar innerhalb von 2-5 Werktagen,2023-05-02 23:10:24.215948,Säuerungsmittel,Hinweis zur Aufbewahrung: Nach dem Öffnen im Kühlschrank aufbewahren! Sehr ergiebig! Verdünnt verwenden!,"Verantwortliches Lebensmittelunternehmen:
Speyer & Grund GmbH & Co. KG, Postfach 3850 - D-55028 Mainz","Zutatenverzeichnis: Wasser, 20% Bio-Zitronensaft, Säuerungsmittel Citronensäure, natürliches Aroma.",165,38,"0,5","0,1","0,5","0,5","0,5","0,01",https://www.edeka24.de/Lebensmittel/Getraenke/Saefte/Citrovin-Zitrone-200ML.html,https://www.edeka24.de/out/pictures/generated/product/1/540_540_90/citrovin_zitrone.jpg
421,Lebensmittel,Getränke,Säfte,Amecke Sanfte Säfte Mandarine-Orange 1L,"1,99 €","1,99 €/l","inkl. MwSt., zzgl. 4.95 € Versandkosten.",lieferbar innerhalb von 2-5 Werktagen,2023-05-02 23:10:27.226115,-,Hinweis zur Aufbewahrung: Nach Anbruch der VitaBox® kühl lagern und innerhalb von 3-4 Tagen verzehren.,"Verantwortliches Lebensmittelunternehmen:
Amecke GmbH & Co. KG, D-58706 Menden/Sauerland","Zutatenverzeichnis: 60% Orangensaft aus Orangensaftkonzentrat, 40% Mandarinensaft",47,200,"0,1","0,1","10,4","10,4","0,5","0,01",https://www.edeka24.de/Lebensmittel/Getraenke/Saefte/Amecke-Sanfte-Saefte-Mandarine-Orange-1L.html,https://www.edeka24.de/out/pictures/generated/product/1/540_540_90/amecke_sanft_mandarine_1l.jpg
422,Lebensmittel,Getränke,Säfte,EDEKA Ananas Direktsaft 1L,"2,19 €","2,19 €/l","inkl. MwSt., zzgl. 4.95 € Versandkosten.",lieferbar innerhalb von 2-5 Werktagen,2023-05-02 23:10:29.882735,"Ananassaft, angereichert mit Vitamin C",Hinweis zur Aufbewahrung: Vor dem Öffnen bitte schütteln. Nach dem Öffnen kühl und stehend aufbewahren und innerhalb von 2-3 Tagen verbrauchen.,"Verantwortliches Lebensmittelunternehmen:
EDEKA ZENTRALE Stiftung & Co. KG, D-22291 Hamburg","Zutatenverzeichnis: Ananassaft, Vitamin C.",214,50,"0,1","0,02","11,5","11,5","0,4","0,003",https://www.edeka24.de/Lebensmittel/Getraenke/Saefte/EDEKA-Ananas-Direktsaft-1L.html,https://www.edeka24.de/out/pictures/generated/product/1/540_540_90/edeka_ananas_direktsaft_1l.jpg
423,Lebensmittel,Getränke,Säfte,Amecke Sanfte Säfte Multivitamin 1L,"1,99 €","1,99 €/l","inkl. MwSt., zzgl. 4.95 € Versandkosten.",lieferbar innerhalb von 2-5 Werktagen,2023-05-02 23:10:32.937135,-,Hinweis zur Aufbewahrung: Nach Anbruch der VitaBox® kühl lagern und innerhalb von 3-4 Tagen verzehren.,"Verantwortliches Lebensmittelunternehmen:
Amecke GmbH & Co. KG, Fröndenberger Str. 15, D-58706 Menden/Sauerland","Zutatenverzeichnis: Apfelsaft-, Orangensaft- und Ananassaft aus Fruchtsaftkonzentraten, Pfirsichmark, Orangensaft, Apfel-, Mango-, Bananen- und Birnenmark, Maracujasaft- und Zitronensaft aus Fruchtsaftkonzentraten, Vitamin C, Niacin, Vitamin E, Ca- Pantothenat, Beta Carotin, Vitamin B6, Riboflavin (Vitamin B2), Thiamin (Vitamin B1), Folsäure, Biotin, Vitamin B12",194,46,"0,1","0,1","10,3",10,"0,5","0,01",https://www.edeka24.de/Lebensmittel/Getraenke/Saefte/Amecke-Sanfte-Saefte-Multivitamin-1L.html,https://www.edeka24.de/out/pictures/generated/product/1/540_540_90/amecke_sanfte_sfte_mulitvitamin.jpg
424,Lebensmittel,Getränke,Säfte,Hitchcock Zitrone Pur 200ML,"1,69 €","8,45 €/l","inkl. MwSt., zzgl. 4.95 € Versandkosten.",lieferbar innerhalb von 2-5 Werktagen,2023-05-02 23:10:36.032297,-,Hinweis zur Aufbewahrung: Nach dem Öffnen kühl lagern und innerhalb von 2 Wochen aufbrauchen.,"Verantwortliches Lebensmittelunternehmen:
Hitchcock GmbH, Ruckes 90, D-41238 Mönchengladbach",Zutatenverzeichnis: Zitronensaft.,112,26,"0,1","0,01","1,7","1,7","0,4","0,003",https://www.edeka24.de/Lebensmittel/Getraenke/Saefte/Hitchcock-Zitrone-Pur-200ML.html,https://www.edeka24.de/out/pictures/generated/product/1/540_540_90/hitchcock_zitrone_pur_zitronensaft_aus_100_direktsaft_200_ml.jpg
425,Lebensmittel,Getränke,Säfte,"Alnatura Bio Tomatensaft 0,5L","1,59 €","3,18 €/l","inkl. MwSt., zzgl. 4.95 € Versandkosten.",lieferbar innerhalb von 2-5 Werktagen,2023-05-02 23:10:38.913790,Bio Tomatensaft mit Meersalz,Hinweis zur Aufbewahrung: Nach dem Öffnen kühl lagern und innerhalb von 3 Tagen verbrauchen.,"Verantwortliches Lebensmittelunternehmen:
Alnatura Produktions- und Handels GmbH, Mahatma-Gandhi-Str. 7, 64295 Darmstadt","Zutatenverzeichnis: Tomatensaft* 99%, Meersalz *aus biologischerLandwirtschaft.",70,16,"0,5","0,1","3,1","2,8",1,"0,4",https://www.edeka24.de/Lebensmittel/Getraenke/Saefte/Alnatura-Bio-Tomatensaft-0-5L.html,https://www.edeka24.de/out/pictures/generated/product/1/540_540_90/bio_alnatura_tomatensaft_mit_meersalz_05l.jpg
426,Lebensmittel,Getränke,Säfte,Hohes C Plus Eisen 1L,"2,09 €","2,09 €/l","zzgl. 0,25 € Pfand","inkl. MwSt., zzgl. 4.95 € Versandkosten.",2023-05-02 23:10:41.918104,"Saft teilweise aus Fruchtsaftkonzentraten, Himbeerpüree und Schwarzkarottensaft aus Schwarzkarottensaftkonzentrat plus Eisengluconat",Hinweis zur Aufbewahrung: nach dem Öffnen kühl aufbewahren und innerhalb von 3-4 Tagen aufbrauchen.,"Verantwortliches Lebensmittelunternehmen:
Eckes-Granini Deutschland GmbH, 55266 Nieder-Olm","Zutatenverzeichnis: Mehrfruchtsaft aus Fruchtsaftkonzentraten (Apfel 78%, Tomate 5%, Granatapfel 5%, Acerola 3%, Holunderbeere 0,5%, Zitrone), Schwarzkarottensaft aus Schwarzkarottensaftkonzentrat 6%, Himbeerpüree 2%, Eisen-II-Gluconat",171,41,"0,5","0,1","9,3","8,9","0,5","0,01",https://www.edeka24.de/Lebensmittel/Getraenke/Saefte/Hohes-C-Plus-Eisen-1L.html,https://www.edeka24.de/out/pictures/generated/product/1/540_540_90/hohesceisen.jpg
427,Lebensmittel,Getränke,Säfte,Amecke Sanfte Säfte Himbeer-Johannisbeer-Apfel 1L,"1,99 €","1,99 €/l","inkl. MwSt., zzgl. 4.95 € Versandkosten.",lieferbar innerhalb von 2-5 Werktagen,2023-05-02 23:10:44.352208,-,Hinweis zur Aufbewahrung: Nach Anbruch der VitaBox® kühl lagern und innerhalb von 3-4 Tagen verzehren.,"Verantwortliches Lebensmittelunternehmen:
Amecke GmbH & Co. KG, D-58706 Menden/Sauerland","Zutatenverzeichnis: 89% Apfelsaft aus Apfelsaftkonzentrat, 6% Johannisbeersaft, 4,5% Himbeermark, Traubensaft aus Traubensaftkonzentrat",45,192,"0,1","0,1","10,5","9,5","0,5","0,01",https://www.edeka24.de/Lebensmittel/Getraenke/Saefte/Amecke-Sanfte-Saefte-Himbeer-Johannisbeer-Apfel-1L.html,https://www.edeka24.de/out/pictures/generated/product/1/540_540_90/amecke_sanftsaehimjohap1l.jpg
428,Lebensmittel,Getränke,Säfte,Citrovin Limette 200ML,"0,79 €","3,95 €/l","inkl. MwSt., zzgl. 4.95 € Versandkosten.",lieferbar innerhalb von 2-5 Werktagen,2023-05-02 23:10:46.899144,Säuerungsmittel,Hinweis zur Aufbewahrung: Nach dem Öffnen im Kühlschrank aufbewahren! Sehr ergiebig! Verdünnt verwenden!,"Verantwortliches Lebensmittelunternehmen:
Speyer & Grund GmbH & Co. KG, Postfach 3850 - D-55028 Mainz","Zutatenverzeichnis: Wasser, 20% Bio-Limettensaft, Säuerungsmittel Citronensäure, natürliches Aroma.",35,153,"0,5","0,1","0,5","0,5","0,5","0,01",https://www.edeka24.de/Lebensmittel/Getraenke/Saefte/Citrovin-Limette-200ML.html,https://www.edeka24.de/out/pictures/generated/product/1/540_540_90/citrovin_limette_200ml.jpg
429,Lebensmittel,Getränke,Säfte,EDEKA Fruchtliebe Karibische Orange 1L,"1,49 €","1,49 €/l","zzgl. 0,25 € Pfand","inkl. MwSt., zzgl. 4.95 € Versandkosten.",2023-05-02 23:10:50.101286,*,,"Verantwortliches Lebensmittelunternehmen:
EDEKA Zentrale Stiftung & Co KG, D-22291 Hamburg","Zutatenverzeichnis: Orangensaft aus Orangensaftkonzentrat, Antioxidationsmittel: Ascorbinsäure",184,43,"0,2","0,04","9,0","9,0","0,7","0,01",https://www.edeka24.de/Lebensmittel/Getraenke/Saefte/EDEKA-Fruchtliebe-Karibische-Orange-1L.html,https://www.edeka24.de/out/pictures/generated/product/1/540_540_90/edeka_fruchtliebe_karibische_orange_1l_dpg.jpg
430,Lebensmittel,Getränke,Säfte,"Alnatura Bio Gemüsesaft 0,5L","1,59 €","3,18 €/l","inkl. MwSt., zzgl. 4.95 € Versandkosten.",lieferbar innerhalb von 2-5 Werktagen,2023-05-02 23:10:53.189171,"Bio Gemüsesaftmischung aus Karotten-, Sauerkraut- und Selleriesaft mitTomatensaft, teilweise milchsauer vergoren",Hinweis zur Aufbewahrung: Nach dem Öffnen imKühlschrank aufbewahren und innerhalb von 3 Tagen verbrauchen.,"Verantwortliches Lebensmittelunternehmen:
Alnatura Produktions- und Handels GmbH, Mahatma-Gandhi-Str. 7, 64295 Darmstadt","Zutatenverzeichnis: Tomatensaft* 67%, Karottensaft*1 13%, Sauerkrautsaft*1 6%,SELLERIESAFT*1 4%,Rote Bete Saft*1 4%, Gurkensaft*1 2%, Paprikamark* 2%,Zwiebelsaft*1, Bohnensaft*1, Dillsaft*, Kräutermeersalz*(Meersalz, Kräuter*) *ausbiologischer Landwirtschaft 1milchsauer vergoren.",80,19,"0,5","0,1","3,5","3,3","0,9","0,65",https://www.edeka24.de/Lebensmittel/Getraenke/Saefte/Alnatura-Bio-Gemuesesaft-0-5L.html,https://www.edeka24.de/out/pictures/generated/product/1/540_540_90/alnatura_bio_gemsesaft.jpg
431,Lebensmittel,Getränke,Säfte,EDEKA Bio Kokoswasser 330ML,"1,59 €","4,82 €/l","inkl. MwSt., zzgl. 4.95 € Versandkosten.",lieferbar innerhalb von 2-5 Werktagen,2023-05-02 23:10:56.296154,"Kokoswasser, aus kontrolliert ökologischer Landwirtschaft",Hinweis zur Aufbewahrung: Die geschlossene Packung kann ungekühlt gelagert werden. Nach dem Öffnen im Kühlschrank aufbewahren und alsbaldig verbrauchen.,"Verantwortliches Lebensmittelunternehmen:
EDEKA ZENTRALE Stiftung & Co. KG, D-22291 Hamburg",,65,15,0,0,"3,8","3,2",0,"0,08",https://www.edeka24.de/Lebensmittel/Getraenke/Saefte/EDEKA-Bio-Kokoswasser-330ML.html,https://www.edeka24.de/out/pictures/generated/product/1/540_540_90/bio_edeka_kokosnusswasser_330ml.jpg
432,Lebensmittel,Getränke,Säfte,Alnatura Bio Orangensaft 330ML,"1,59 €","4,82 €/l","inkl. MwSt., zzgl. 4.95 € Versandkosten.",lieferbar innerhalb von 2-5 Werktagen,2023-05-02 23:10:59.220303,-,Hinweis zur Aufbewahrung: Bitte vor dem Öffnen schütteln.,"Verantwortliches Lebensmittelunternehmen:
Alnatura Produktions- und Handels GmbH, Mahatma-Gandhi-Str. 7, 64295 Darmstadt",Zutatenverzeichnis: Orangensaft*. * aus biologischer Landwirtschaft.,202,48,"0,1","0,1",10,10,1,"0,01",https://www.edeka24.de/Lebensmittel/Getraenke/Saefte/Alnatura-Bio-Orangensaft-330ML.html,https://www.edeka24.de/out/pictures/generated/product/1/540_540_90/alnatura_bio_orangensaft.jpg
433,Lebensmittel,Getränke,Säfte,Edeka Bio Apfelsaft naturtrüb 1L,"1,79 €","1,79 €/l","inkl. MwSt., zzgl. 4.95 € Versandkosten.",lieferbar innerhalb von 2-5 Werktagen,2023-05-02 23:11:01.654108,"Apfelsaft, naturtrüb, 100 % Direktsaft.",Hinweis zur Aufbewahrung: Nach dem Öffnen kühl und stehend lagern und innerhalb von 2-3 Tagen verbrauchen.,"Verantwortliches Lebensmittelunternehmen:
EDEKA ZENTRALE Stiftung & Co. KG, D-22291 Hamburg","Zutatenverzeichnis: Apfelsaft**, Antioxidationsmittel: Ascorbinsäure. **aus kontrolliert ökologischer Landwirtschaft",204,48,"0,1","0,02",11,"10,5","0,1","0,005",https://www.edeka24.de/Lebensmittel/Getraenke/Saefte/Edeka-Bio-Apfelsaft-naturtrueb-1L.html,https://www.edeka24.de/out/pictures/generated/product/1/540_540_90/edeka_bio_apfel_saft_naturtrb_1_ltr.jpg
435,Lebensmittel,Getränke,Säfte,Alnatura Bio Apfel Mango 100% Direktsaft 330ML,"1,39 €","4,21 €/l","inkl. MwSt., zzgl. 4.95 € Versandkosten.",lieferbar innerhalb von 2-5 Werktagen,2023-05-02 23:11:07.327811,Bio Apfelsaft mit Mangomark,,"Verantwortliches Lebensmittelunternehmen:
Alnatura Produktions- und Handels GmbH, Mahatma-Gandhi-Str. 7, 64295 Darmstadt","Zutatenverzeichnis: Apfelsaft* 75%, Mangomark* 25%. *aus biologischer Landwirtschaft.",229,54,"0,1","0,1","12,4",12,"0,3","0,01",https://www.edeka24.de/Lebensmittel/Getraenke/Saefte/Alnatura-Bio-Apfel-Mango-100-Direktsaft-330ML.html,https://www.edeka24.de/out/pictures/generated/product/1/540_540_90/alnatura_bio_apfel_mango_saft(1).jpg
436,Lebensmittel,Getränke,Säfte,Voelkel Demeter Ingwersaft 200ML,"3,79 €","18,95 €/l","inkl. MwSt., zzgl. 4.95 € Versandkosten.",lieferbar innerhalb von 2-5 Werktagen,2023-05-02 23:11:10.233269,-,,"Verantwortliches Lebensmittelunternehmen:
Voelkel GmbH, D-29478 Höhbeck","Zutatenverzeichnis: Ingwersaft** 95%, Zitronensaft** . **aus biodynamischer Erzeugung",49,12,"0,5","0,1","2,6","2,6","0,5","0,01",https://www.edeka24.de/Lebensmittel/Getraenke/Saefte/Voelkel-Demeter-Ingwersaft-200ML.html,https://www.edeka24.de/out/pictures/generated/product/1/540_540_90/demeter_voelkel_ingwersaft_02l.jpg
437,Lebensmittel,Getränke,Säfte,Hohes C Milde Orange 1L,"2,09 €","2,09 €/l","zzgl. 0,25 € Pfand","inkl. MwSt., zzgl. 4.95 € Versandkosten.",2023-05-02 23:11:13.093108,"Orangen-Acerola-Fruchtsaft aus Orangen-, Acerolasaftkonzentrat",Hinweis zur Aufbewahrung: Nach dem Öffnen kühl aufbewahren und innerhalb von 3-4 Tagen aufbrauchen.,"Verantwortliches Lebensmittelunternehmen:
Eckes-Granini Deutschland GmbH, 55266 Nieder-Olm","Zutatenverzeichnis: Orangensaft aus Orangensaftkonzentrat (99,5%), Acerolasaft aus Acerolasaftkonzentrat (0,5%)",180,43,"0,5","0,1","8,8","8,8","0,7","0,01",https://www.edeka24.de/Lebensmittel/Getraenke/Saefte/Hohes-C-Milde-Orange-1L.html,https://www.edeka24.de/out/pictures/generated/product/1/540_540_90/hohes_c_milde_orange_1l_dpg.jpg
438,Lebensmittel,Getränke,Säfte,"Voelkel Demeter italienischer Merlot Traubensaft rot 0,7L","3,49 €","4,99 €/l","zzgl. 0,15 € Pfand","inkl. MwSt., zzgl. 4.95 € Versandkosten.",2023-05-02 23:11:15.381432,-,,"Verantwortliches Lebensmittelunternehmen:
Voelkel GmbH, D-29478 Höhbeck",Zutatenverzeichnis: Roter Traubensaft aus der Merlot-Traube** **aus biodynamischer Erzeugung,332,79,"0,5","0,1",19,19,"0,5","0,01",https://www.edeka24.de/Lebensmittel/Getraenke/Saefte/Voelkel-Demeter-italienischer-Merlot-Traubensaft-rot-0-7L.html,https://www.edeka24.de/out/pictures/generated/product/1/540_540_90/demeter_voelkel_italienischer_merlot_traubensaft_rot_07l_mw.jpg
439,Lebensmittel,Getränke,Säfte,"Bio Alnatura Birnensaft 0,75L","2,79 €","3,72 €/l","inkl. MwSt., zzgl. 4.95 € Versandkosten.",lieferbar innerhalb von 2-5 Werktagen,2023-05-02 23:11:17.617293,Bio Birnensaft,Hinweis zur Aufbewahrung: Nach dem Öffnen im Kühlschrank aufbewahren und innerhalb von 3 Tagen verbrauchen.,"Verantwortliches Lebensmittelunternehmen:
Alnatura GmbH, Mahatma-Gandhi-Str. 7, D-64295 Darmstadt",Zutatenverzeichnis: Birnensaft* *aus biologischer Landwirtschaft,187,44,"0,5","0,1",11,"8,7","0,5","0,01",https://www.edeka24.de/Lebensmittel/Getraenke/Saefte/Bio-Alnatura-Birnensaft-0-75L.html,https://www.edeka24.de/out/pictures/generated/product/1/540_540_90/bio_alnatura_birnensaft_075l.jpg
441,Lebensmittel,Getränke,Säfte,Alnatura Bio Orangensaft 1L,"3,19 €","3,19 €/l","inkl. MwSt., zzgl. 4.95 € Versandkosten.",lieferbar innerhalb von 2-5 Werktagen,2023-05-02 23:11:22.676086,-,Hinweis zur Aufbewahrung: Nach dem Öffnen kühl und stehend lagern. Innerhalb von 3 Tagen verbrauchen.,"Verantwortliches Lebensmittelunternehmen:
Alnatura Produktions- und Handels GmbH, Mahatma-Gandhi-Str. 7, 64295 Darmstadt",Zutatenverzeichnis: Orangensaft*. *aus biologischer Landwirtschaft.,192,45,"0,21","0,04","9,4","9,4","0,7","0,01",https://www.edeka24.de/Lebensmittel/Getraenke/Saefte/Alnatura-Bio-Orangensaft-1L.html,https://www.edeka24.de/out/pictures/generated/product/1/540_540_90/alnatura_bio_orangensaft(1).jpg
442,Lebensmittel,Getränke,Säfte,Hohes C Milder Multivitamin 1L,"2,09 €","2,09 €/l","zzgl. 0,25 € Pfand","inkl. MwSt., zzgl. 4.95 € Versandkosten.",2023-05-02 23:11:25.846483,Multivitaminmehrfruchtsaft aus Fruchtsaftkonzentraten und Bananenpüree,Hinweis zur Aufbewahrung: Nach dem Öffnen kühl aufbewahren und innerhalb von 3-4 Tagen aufbrauchen.,"Verantwortliches Lebensmittelunternehmen:
Eckes-Granini Deutschland GmbH, 55266 Nieder-Olm","Zutatenverzeichnis: Mehrfruchtsaft aus Fruchtsaftkonzentraten (Apfel, Orange, Acerola, Mango, Zitrone), Bananenpüree, Niacin, Vitamin E, Pantothensäure, Beta-Carotin, Vitamin B1, Folsäure, Biotin, Vitamin B12.",192,46,"0,5","0,1",10,"9,2","0,5","0,01",https://www.edeka24.de/Lebensmittel/Getraenke/Saefte/Hohes-C-Milder-Multivitamin-1L.html,https://www.edeka24.de/out/pictures/generated/product/1/540_540_90/hohes_c_milder_multivitamin_1l.jpg
443,Lebensmittel,Getränke,Säfte,Alnatura Bio Apfelsaft naturtrüb 1L,"1,89 €","1,89 €/l","inkl. MwSt., zzgl. 4.95 € Versandkosten.",lieferbar innerhalb von 2-5 Werktagen,2023-05-02 23:11:28.500790,-,Hinweis zur Aufbewahrung: Nach dem Öffnen kühl und stehend lagern. Innerhalb von 3 Tagen verbrauchen.,"Verantwortliches Lebensmittelunternehmen:
Alnatura Produktions- und Handels GmbH, Mahatma-Gandhi-Str. 7, 64295 Darmstadt",Zutatenverzeichnis: Apfelsaft*. *aus biologischer Landwirtschaft.,216,51,"<0,1","<0,1",12,"11,5","0,2","<0,01",https://www.edeka24.de/Lebensmittel/Getraenke/Saefte/Alnatura-Bio-Apfelsaft-naturtrueb-1L.html,https://www.edeka24.de/out/pictures/generated/product/1/540_540_90/alnatura_bio_apfelsaft_naturtrb.jpg
444,Lebensmittel,Getränke,Säfte,"Alnatura Bio Pink Grapefruit Saft 0,75L","3,29 €","4,39 €/l","inkl. MwSt., zzgl. 4.95 € Versandkosten.",lieferbar innerhalb von 2-5 Werktagen,2023-05-02 23:11:30.990420,-,Hinweis zur Aufbewahrung: Nach dem Öffnen kühl lagern und innerhalb von 3 Tagen verbrauchen.,"Verantwortliches Lebensmittelunternehmen:
Alnatura Produktions- und Handels GmbH, Mahatma-Gandhi-Str. 7, 64295 Darmstadt",Zutatenverzeichnis: Grapefruitsaft*. *aus biologischer Landwirtschaft.,166,39,"0,1",0,8,8,"0,6","0,01",https://www.edeka24.de/Lebensmittel/Getraenke/Saefte/Alnatura-Bio-Pink-Grapefruit-Saft-0-75L.html,https://www.edeka24.de/out/pictures/generated/product/1/540_540_90/alnatura_bio_pink_grapefruit_saft.jpg
445,Lebensmittel,Getränke,Säfte,"Alnatura Bio Traubensaft naturtrüb 0,33L","1,39 €","4,21 €/l","inkl. MwSt., zzgl. 4.95 € Versandkosten.",lieferbar innerhalb von 2-5 Werktagen,2023-05-02 23:11:33.575349,"Bio Traubensaft, naturtrüb",Hinweis zur Aufbewahrung: Nach dem Öffnen kühl lagern und innerhalb von 3 Tagen verbrauchen.,"Verantwortliches Lebensmittelunternehmen:
Alnatura Produktions- und Handels GmbH, Mahatma-Gandhi-Str. 7, 64295 Darmstadt",Zutatenverzeichnis: Roter Traubensaft* *aus biologischer Landwirtschaft.,272,64,"0,5","0,5",16,16,"0,5","0,01",https://www.edeka24.de/Lebensmittel/Getraenke/Saefte/Alnatura-Bio-Traubensaft-naturtrueb-0-33L.html,https://www.edeka24.de/out/pictures/generated/product/1/540_540_90/alnatura_bio_traubensaft_naturtrb.jpg
446,Lebensmittel,Getränke,Säfte,"Alnatura Bio Apfel Mango 100% Direktsaft 0,75L","2,49 €","3,32 €/l","inkl. MwSt., zzgl. 4.95 € Versandkosten.",lieferbar innerhalb von 2-5 Werktagen,2023-05-02 23:11:36.717273,Bio Apfelsaft mit Mangomark,Hinweis zur Aufbewahrung: Nach dem Öffnen kühl lagern und innerhalb von 3 Tagen verbrauchen.,"Verantwortliches Lebensmittelunternehmen:
Alnatura Produktions- und Handels GmbH, Mahatma-Gandhi-Str. 7, 64295 Darmstadt","Zutatenverzeichnis: Apfelsaft* 75%, Mangomark* 25%. *aus biologischer Landwirtschaft.",219,52,"0,2","0,1","11,5",11,"0,2","0,01",https://www.edeka24.de/Lebensmittel/Getraenke/Saefte/Alnatura-Bio-Apfel-Mango-100-Direktsaft-0-75L.html,https://www.edeka24.de/out/pictures/generated/product/1/540_540_90/alnatura_bio_apfel_mango_saft.jpg
447,Lebensmittel,Getränke,Säfte,"Voelkel Bio Birnensaft klar 0,7L","2,79 €","3,99 €/l","zzgl. 0,15 € Pfand","inkl. MwSt., zzgl. 4.95 € Versandkosten.",2023-05-02 23:11:39.840013,Bio Birnensaft aus kontrolliert biologischem Anbau.,Hinweis zur Aufbewahrung: Nach dem Öffnen gekühlt 5 Tage haltbar.,"Verantwortliches Lebensmittelunternehmen:
Voelkel GmbH, Fährstraße 1, 29478 Höhbeck",,218,52,"0,5","0,1",12,10,"0,6","0,01",https://www.edeka24.de/Lebensmittel/Getraenke/Saefte/Voelkel-Bio-Birnensaft-klar-0-7L.html,https://www.edeka24.de/out/pictures/generated/product/1/540_540_90/bio_voelkel_birnensaft_klar_07l_mw.jpg
448,Lebensmittel,Getränke,Säfte,"Rotbäckchen Klassik 0,7L","4,29 €","6,13 €/l","inkl. MwSt., zzgl. 4.95 € Versandkosten.",lieferbar innerhalb von 2-5 Werktagen,2023-05-02 23:11:42.822681,"Saft aus 99% Mehrfruchtsaft und 1% Honig, angereichert mit Eisen(II)gluconat",Hinweis zur Aufbewahrung: Bitte vor dem Öffnen die Flasche schütteln. Eine Tagesportion à 200ml deckt die Referenzmenge an Vitamin C und Eisen jeweils zu 50%. Die angebrochene Flasche stets verschließen und im Kühlschrank aufbewahren. Innerhalb von 5 Tagen aufbrauchen.,"Verantwortliches Lebensmittelunternehmen:
Haus Rabenhorst, D-53572 Unkel/Rhein","Zutatenverzeichnis: Roter Trauben-, Apfel-, weißer Trauben-, Orangensaft, Acerolamark, Brombeer-, Kirschsaft, Honig (1 %), Eisen(II)gluconat.",62,260,"0,5","0,1",15,15,"0,5","0,03",https://www.edeka24.de/Lebensmittel/Getraenke/Saefte/Rotbaeckchen-Klassik-0-7L.html,https://www.edeka24.de/out/pictures/generated/product/1/540_540_90/rotbckchen_bio_klassik_07l.jpg
449,Lebensmittel,Getränke,Säfte,"Alnatura Bio Coco Drink Natur 0,33L","1,89 €","5,73 €/l","inkl. MwSt., zzgl. 4.95 € Versandkosten.",lieferbar innerhalb von 2-5 Werktagen,2023-05-02 23:11:45.812107,Bio Kokoswasser aus der grünen Kokosnuss,,"Verantwortliches Lebensmittelunternehmen:
Alnatura Produktions- und Handels GmbH, Mahatma-Gandhi-Str. 7, 64295 Darmstadt",Zutatenverzeichnis: Kokoswasser* *aus biologischer Landwirtschaft.,56,13,"0,5","0,1","3,3","2,3","0,5","0,03",https://www.edeka24.de/Lebensmittel/Getraenke/Saefte/Alnatura-Bio-Coco-Drink-Natur-0-33L.html,https://www.edeka24.de/out/pictures/generated/product/1/540_540_90/alnatura_bio_coco_drink_natur_033l.jpg
450,Lebensmittel,Getränke,Säfte,"EDEKA Roter Kur-Traubensaft 0,75L","1,99 €","2,65 €/l","inkl. MwSt., zzgl. 4.95 € Versandkosten.",lieferbar innerhalb von 2-5 Werktagen,2023-05-02 23:11:48.382600,"Roter Traubensaft, angereichert mit Eisen",Hinweis zur Aufbewahrung: Nach dem Öffnen kühl aufbewahren und alsbaldig verbrauchen.,"Verantwortliches Lebensmittelunternehmen:
EDEKA ZENTRALE Stiftung & Co. KG, D-22291 Hamburg","Zutatenverzeichnis: Traubensaft, Eisensaccharat (12,5 mg/100ml)",299,70,"0,01","0,002","16,8","16,8","0,2","0,008",https://www.edeka24.de/Lebensmittel/Getraenke/Saefte/EDEKA-Roter-Kur-Traubensaft-0-75L.html,https://www.edeka24.de/out/pictures/generated/product/1/540_540_90/edeka_rio_grande_kurtraubensaft_rot.jpg
451,Lebensmittel,Getränke,Säfte,"Bio Alnatura Multisaft 0,75L","2,49 €","3,32 €/l","inkl. MwSt., zzgl. 4.95 € Versandkosten.",lieferbar innerhalb von 2-5 Werktagen,2023-05-02 23:11:51.084173,Bio Mehrfruchtsaft,Hinweis zur Aufbewahrung: Nach dem Öffnen im Kühlschrank aufbewahren und innerhalb von 3 Tagen verbrauchen.,"Verantwortliches Lebensmittelunternehmen:
Alnatura GmbH, Mahatma-Gandhi-Str. 7, D-64295 Darmstadt","Zutatenverzeichnis: Apfelsaft* 36%, Karottensaft* 20%, Orangensaft* 14%, Traubensaft* weiß 13%, Ananassaft* 4%, Mangomark*, Bananenmark*, Guavenmark*, Aprikosenmark*, Pfirsichmark*, Maracujasaft* 2% *aus biologischer Landwirtschaft.",204,48,"0,5","0,1",12,11,"0,5","0,04",https://www.edeka24.de/Lebensmittel/Getraenke/Saefte/Bio-Alnatura-Multisaft-0-75L.html,https://www.edeka24.de/out/pictures/generated/product/1/540_540_90/bio_alnatura_multisaft_075l.jpg
452,Lebensmittel,Getränke,Säfte,"Voelkel Demeter Direkt-Apfelsaft heimisch naturtrüb 0,7L","2,29 €","3,27 €/l","zzgl. 0,15 € Pfand","inkl. MwSt., zzgl. 4.95 € Versandkosten.",2023-05-02 23:11:53.883357,-,,"Verantwortliches Lebensmittelunternehmen:
Voelkel GmbH, D-29478 Höhbeck",Zutatenverzeichnis: Apfelsaft aus biodynamischer Erzeugung,197,47,"0,5","0,1",11,10,"0,5","0,01",https://www.edeka24.de/Lebensmittel/Getraenke/Saefte/Voelkel-Demeter-Direkt-Apfelsaft-heimisch-naturtrueb-0-7L.html,https://www.edeka24.de/out/pictures/generated/product/1/540_540_90/voelkel_demeter_direktapfelsaft_heimisch_naturtramp252b_07l_mw.jpg
453,Lebensmittel,Getränke,Säfte,Bio Gourmet Ingwersaft naturtrüb 200ML,"5,29 €","26,45 €/l","inkl. MwSt., zzgl. 4.95 € Versandkosten.",lieferbar innerhalb von 2-5 Werktagen,2023-05-02 23:11:56.910531,"Ingwersaft, naturtrüb",Hinweis zur Aufbewahrung: Nach dem Öffnen im Kühlschrank aufbewahren und innerhalb von 5 Tagen aufbrauchen.,"Verantwortliches Lebensmittelunternehmen:
Bio Gourmet GmbH, 71729 Erdmannshausen","Zutatenverzeichnis: Ingwersaft* 97%, Zitronensaftkonzentrat*. *aus kontrolliert biologischem Anbau",45,10,"0,5","0,1","2,6","2,6","0,5","0,01",https://www.edeka24.de/Lebensmittel/Getraenke/Saefte/Bio-Gourmet-Ingwersaft-naturtrueb-200ML.html,https://www.edeka24.de/out/pictures/generated/product/1/540_540_90/biogourmetingwersaft.jpg
454,Lebensmittel,Getränke,Säfte,"Alnatura Bio Frühstückssaft 0,75L","2,59 €","3,45 €/l","inkl. MwSt., zzgl. 4.95 € Versandkosten.",lieferbar innerhalb von 2-5 Werktagen,2023-05-02 23:11:59.752038,Bio Mehrfruchtsaft mit Mangomark und Karottensaft,Hinweis zur Aufbewahrung: Nach dem Öffnen kühl lagern und innerhalb von 3 Tagen verbrauchen.,"Verantwortliches Lebensmittelunternehmen:
Alnatura Produktions- und Handels GmbH, Mahatma-Gandhi-Str. 7, 64295 Darmstadt","Zutatenverzeichnis: Apfelsaft* 49%, Orangensaft* 28%, Mangomark* 13%, Karottensaft* 7%,Maracujasaft* 3%. *aus biologischer Landwirtschaft.",170,40,"0,5","0,1",10,"9,9","0,5","0,01",https://www.edeka24.de/Lebensmittel/Getraenke/Saefte/Alnatura-Bio-Fruehstueckssaft-0-75L.html,https://www.edeka24.de/out/pictures/generated/product/1/540_540_90/alnatura_bio_frhstckssaft.jpg
455,Lebensmittel,Getränke,Säfte,Voelkel Demeter Shot Ingwer & Kurkuma mit Vitamin C aus Acerola 60ML,"2,29 €","38,17 €/l","inkl. MwSt., zzgl. 4.95 € Versandkosten.",lieferbar innerhalb von 2-5 Werktagen,2023-05-02 23:12:02.568148,BIO Mehrfrucht-Ingwer-Kurkuma-Saft,,"Verantwortliches Lebensmittelunternehmen:
Voelkel GmbH, D-29478 Höhbeck","Zutatenverzeichnis: Orangensaft**74%, Acerolamark*10%, Ingwersaft**10%, Kurkumasaft*5%, Zitronensaft**, Pfeffer*. *aus kontrolliert ökologischer Erzeugung **aus biodynamischer Erzeugung",163,39,"0,5","0,1","7,8","6,0","0,8","0,01",https://www.edeka24.de/Lebensmittel/Getraenke/Saefte/Voelkel-Demeter-Shot-Ingwer-Kurkuma-mit-Vitamin-C-aus-Acerola-60ML.html,https://www.edeka24.de/out/pictures/generated/product/1/540_540_90/demetervoelkel_shot_ingwerampampkurkuma_mit_vitamin_c_aus_acerola_60ml.jpg
456,Lebensmittel,Getränke,Säfte,Amecke Sanfte Säfte Apfel naturtrüb 1L,"1,99 €","1,99 €/l","inkl. MwSt., zzgl. 4.95 € Versandkosten.",lieferbar innerhalb von 2-5 Werktagen,2023-05-02 23:12:05.405625,-,Hinweis zur Aufbewahrung: Nach Anbruch der VitaBox® kühl lagern und innerhalb von 3-4 Tagen verzehren.,"Verantwortliches Lebensmittelunternehmen:
Amecke GmbH & Co. KG, 58706 Menden/Sauerland",Zutatenverzeichnis: Apfeldirektsaft,206,48,"0,1","0,1","11,1","10,6","0,5","0,01",https://www.edeka24.de/Lebensmittel/Getraenke/Saefte/Amecke-Sanfte-Saefte-Apfel-naturtrueb-1L.html,https://www.edeka24.de/out/pictures/generated/product/1/540_540_90/amecke_sanfte_sfte_apfel_klar_filtriert.jpg
457,Lebensmittel,Getränke,Säfte,"Jacoby Bio Schwarzer Johannisbeer Nektar 0,75L","2,49 €","3,32 €/l","inkl. MwSt., zzgl. 4.95 € Versandkosten.",lieferbar innerhalb von 2-5 Werktagen,2023-05-02 23:12:07.994835,"Bio Schwarzer Johannisbeernektar, Fruchtgehalt mind. 25%",Hinweis zur Aufbewahrung: Nach dem Öffnen kühl lagern und innerhalb von 3-4 Tagen verbrauchen.,"Verantwortliches Lebensmittelunternehmen:
Jacoby GmbH Qualitätsfruchtsäfte, 79424 Auggen","Zutatenverzeichnis: Wasser, 25% Bio Johannisbeersaft schwarz, Bio Zucker.",162,38,"0,5","0,1","8,4","8,4","0,5","0,01",https://www.edeka24.de/Lebensmittel/Getraenke/Saefte/Jacoby-Bio-Schwarzer-Johannisbeer-Nektar-0-75L.html,https://www.edeka24.de/out/pictures/generated/product/1/540_540_90/bio_jacoby_johannisbeernektar_075l.jpg
458,Lebensmittel,Getränke,Säfte,"Alnatura Bio Demeter Rote Bete Saft feldfrisch 0,33L","1,19 €","3,61 €/l","inkl. MwSt., zzgl. 4.95 € Versandkosten.",lieferbar innerhalb von 2-5 Werktagen,2023-05-02 23:12:11.509522,-,Hinweis zur Aufbewahrung: Nach dem Öffnen kühl lagern und innerhalb von 5 Tagen verbrauchen.,"Verantwortliches Lebensmittelunternehmen:
Alnatura GmbH, Mahatma-Ghandi-Str. 7, 64295 Darmstadt","Zutatenverzeichnis: Rote Beete Saft* 98,8%, Acerolakirschmark*, Zitronensaft*. *aus Demeter Bio-Landbau *aus biologischer Landwirtschaft",155,36,"<0,5","<0,1",8,"7,5","1,1","0,08",https://www.edeka24.de/Lebensmittel/Getraenke/Saefte/Alnatura-Bio-Demeter-Rote-Bete-Saft-feldfrisch-0-33L.html,https://www.edeka24.de/out/pictures/generated/product/1/540_540_90/bio_alnrote_bete_saft_033l.jpg
459,Lebensmittel,Getränke,Säfte,Voelkel Demeter Zitrone Ingwer 200ML,"3,49 €","17,45 €/l","inkl. MwSt., zzgl. 4.95 € Versandkosten.",lieferbar innerhalb von 2-5 Werktagen,2023-05-02 23:12:14.650559,-,,"Verantwortliches Lebensmittelunternehmen:
Voelkel GmbH, D-29478 Höhbeck","Zutatenverzeichnis: Zitronensaft** 75 %, Ingwersaft** 25 %. **aus biodynamischer Erzeugung",105,25,"0,5","0,1","5,0","2,0","0,2","0,01",https://www.edeka24.de/Lebensmittel/Getraenke/Saefte/Voelkel-Demeter-Zitrone-Ingwer-200ML.html,https://www.edeka24.de/out/pictures/generated/product/1/540_540_90/demeter_voelkel_zitrone_ingwer_02l_ew.jpg
460,Lebensmittel,Getränke,Säfte,"Voelkel Demeter Multi-Natur 0,7L","3,49 €","4,99 €/l","zzgl. 0,15 € Pfand","inkl. MwSt., zzgl. 4.95 € Versandkosten.",2023-05-02 23:12:17.496965,100% Direkt-Multivitaminsaft,,"Verantwortliches Lebensmittelunternehmen:
Voelkel GmbH, D-29478 Höhbeck","Zutatenverzeichnis: Orangensaft** 27,5%, Apfelsaft** 27,5%, Möhrensaft** 15%, Traubensaft** 10%, Birnensaft** 4%, Mangomark** 4 %, Bananenmark** 4 %, Acerolakirschmark* 2,5 %, Passionsfruchtsaft* 2,5 %, Guavenmark* 2,0 %, Zitronensaft** *aus kontrolliert ökologischer Erzeugung **aus biodynamischer Erzeugung",192,42,"0,5","0,1",10,"9,5","0,6","0,01",https://www.edeka24.de/Lebensmittel/Getraenke/Saefte/Voelkel-Demeter-Multi-Natur-0-7L.html,https://www.edeka24.de/out/pictures/generated/product/1/540_540_90/demeter_voelkel_multinatur_07l_mw.jpg
461,Lebensmittel,Getränke,Säfte,"Rotbäckchen Lernstark 0,7L","4,29 €","6,13 €/l","inkl. MwSt., zzgl. 4.95 € Versandkosten.",lieferbar innerhalb von 2-5 Werktagen,2023-05-02 23:12:20.141395,Mehrfruchtsaft angereichert mit Eisen(II)gluconat und B-Vitaminen - Direktsaft,Hinweis zur Aufbewahrung: Bitte vor dem Öffnen die Flasche schütteln. Eine Tagesportion à 200ml deckt die Referenzmenge an Eisen zu 30% und die der übrigen Vitamine zu 50%. Die angebrochene Flasche stets verschließen und im Kühlschrank aufbewahren. Innerhalb von 5 Tagen aufbrauchen.,"Verantwortliches Lebensmittelunternehmen:
Haus Rabenhorst, D-53572 Unkel/Rhein","Zutatenverzeichnis: Weißer Traubensaft, Apfelsaft, Erdbeermark, Aroniasaft, Holundersaft, Heidelbeersaft, Eisen(II)gluconat, Vitamin B1, B2, B6, B12, Niacin, Pantothenat, Biotin.",251,60,"0,5","0,1",14,14,"0,5","0,03",https://www.edeka24.de/Lebensmittel/Getraenke/Saefte/Rotbaeckchen-Lernstark-0-7L.html,https://www.edeka24.de/out/pictures/generated/product/1/540_540_90/rotbamp228ckchen_lernstark_07l.jpg
462,Lebensmittel,Getränke,Säfte,"Voelkel Demeter Direkt-Orangensaft 0,7L","3,49 €","4,99 €/l","zzgl. 0,15 € Pfand","inkl. MwSt., zzgl. 4.95 € Versandkosten.",2023-05-02 23:12:22.866632,-,,"Verantwortliches Lebensmittelunternehmen:
Voelkel GmbH, D-29478 Höhbeck",Zutatenverzeichnis: Orangensaft aus biodynamischer Erzeugung,185,43,"0,5","0,1",9,9,"0,7","0,01",https://www.edeka24.de/Lebensmittel/Getraenke/Saefte/Voelkel-Demeter-Direkt-Orangensaft-0-7L.html,https://www.edeka24.de/out/pictures/generated/product/1/540_540_90/demeter_voelkel_orangensaft_07l_mw.jpg
463,Lebensmittel,Getränke,Säfte,"Kloster Kitchen Bio Granatapfel Trink 0,25L","9,99 €","39,96 €/l","inkl. MwSt., zzgl. 4.95 € Versandkosten.",lieferbar innerhalb von 2-5 Werktagen,2023-05-02 23:12:26.343919,Bio Granatapfelgetränk mit Ingwerstückchen,"Hinweis zur Aufbewahrung: Kühl und dunkel lagern, nach dem Öffnen gekühlt aufbewahren und binnen 12 Tagen verbrauchen.","Verantwortliches Lebensmittelunternehmen:
Curameo AG, Hersbrucker Str. 23, 91244 Reichenschwand","Zutatenverzeichnis: Wasser, Ingwerstückchen* 17%, Agavendicksaft*, Granatapfelgrundstoff 3% (natürliches Granatapfelaroma*, Granatapfelsaft*, schwarzes Karottenkonzentrat*, Johannisbrotkernmehl*), Zitronensaftkonzentrat*, Kartoffelstärke*, Pfeilwurzelstärke*, Geliermittel (Agar-Agar*, Pektin), Salz. *aus kontrolliert biologischem Anbau",257,60,0,0,"14,6","12,8","0,3",0,https://www.edeka24.de/Lebensmittel/Getraenke/Saefte/Kloster-Kitchen-Bio-Granatapfel-Trink-0-25L.html,https://www.edeka24.de/out/pictures/generated/product/1/540_540_90/bio_kloster_kitchen_granatapfel_trink_025l_ew.jpg
464,Lebensmittel,Getränke,Säfte,"Voelkel Demeter Shot Ingwer Kurkuma 0,75L","9,49 €","12,65 €/l","zzgl. 0,15 € Pfand","inkl. MwSt., zzgl. 4.95 € Versandkosten.",2023-05-02 23:12:29.724293,-,,"Verantwortliches Lebensmittelunternehmen:
Voelkel GmbH, D-29478 Höhbeck","Zutatenverzeichnis: Orangensaft** 74%, Acerolamark* 10%, Ingwersaft** 10%, Kurkumasaft** 5%, Zitronensaft**, Pfeffer*. *aus kontrolliert ökologischer Erzeugung **aus biodynamischer Erzeugung",163,39,"0,5","0,1","7,8","6,0","0,8","0,01",https://www.edeka24.de/Lebensmittel/Getraenke/Saefte/Voelkel-Demeter-Shot-Ingwer-Kurkuma-0-75L.html,https://www.edeka24.de/out/pictures/generated/product/1/540_540_90/demeter_voelkel_shot_ingwer_kurkuma_075l_mw.jpg
465,Lebensmittel,Getränke,Säfte,"Rotbäckchen Immunstark 0,7L","4,29 €","6,13 €/l","inkl. MwSt., zzgl. 4.95 € Versandkosten.",lieferbar innerhalb von 2-5 Werktagen,2023-05-02 23:12:33.172788,Mehrfruchtsaft angereichert mit Zinkgluconat und Vitamin C,Hinweis zur Aufbewahrung: Bitte vor dem Öffnen die Flasche schütteln. Eine Tagesportion à 200ml deckt die Referenzmenge an Zink zu 30% und an Vitamin C zu 200%. Die angebrochene Flasche stets verschließen und im Kühlschrank aufbewahren. Innerhalb von 5 Tagen aufbrauchen.,"Verantwortliches Lebensmittelunternehmen:
Haus Rabenhorst, D-53572 Unkel/Rhein","Zutatenverzeichnis: Roter Traubensaft, Apfelsaft, Aroniasaft, Holundersaft, Acerolamark, Vitamin C, Zinkgluconat",235,56,"0,5","0,1",13,13,"0,5","0,03",https://www.edeka24.de/Lebensmittel/Getraenke/Saefte/Rotbaeckchen-Immunstark-0-7L.html,https://www.edeka24.de/out/pictures/generated/product/1/540_540_90/rotbckchen_rotbckchen_immunstark_1_ltr_flasche.jpg
466,Lebensmittel,Getränke,Säfte,Demeter Voelkel Shot Ingwer & Kurkuma 280ML,"3,99 €","14,25 €/l","inkl. MwSt., zzgl. 4.95 € Versandkosten.",lieferbar innerhalb von 2-5 Werktagen,2023-05-02 23:12:36.913518,-,,"Verantwortliches Lebensmittelunternehmen:
Voelkel GmbH, D-29478 Höhbeck","Zutatenverzeichnis: Orangensaft** 74%, Acerolamark* 10%, Ingwersaft** 10%, Kurkumasaft** 5%, Zitronensaft**, Pfeffer*. *aus kontrolliert ökologischer Erzeugung **aus biodynamischer Erzeugung",163,39,"0,5","0,1","7,8","6,0","0,8","0,01",https://www.edeka24.de/Lebensmittel/Getraenke/Saefte/Demeter-Voelkel-Shot-Ingwer-Kurkuma-280ML.html,https://www.edeka24.de/out/pictures/generated/product/1/540_540_90/demeter_voelkel_shot_ingwer_amp_kurkuma_028l.jpg
467,Lebensmittel,Getränke,Säfte,"Rotbäckchen Guter Start 0,7L","4,29 €","6,13 €/l","inkl. MwSt., zzgl. 4.95 € Versandkosten.",lieferbar innerhalb von 2-5 Werktagen,2023-05-02 23:12:39.988879,Mehrfruchtsaft mit 10 Vitaminen und Calciumgluconat · Direktsaft,"Hinweis zur Aufbewahrung: Bitte vor dem Öffnen die Flasche schütteln. Die angebrochene Flasche stets verschließen und im Kühlschrank aufbewahren. Innerhalb von 5 Tagen aufbrauchen. Eine Tagesportion à 150 ml deckt die Referenzmenge an Calcium zu 22,5% und die der enthaltenen Vitamine zu jeweils 75%.","Verantwortliches Lebensmittelunternehmen:
Haus Rabenhorst, D-53572 Unkel/Rhein","Zutatenverzeichnis: Roter Trauben-, Apfel-, Aronia-, Holundersaft, Bananenmark, Heidelbeer-, Brombeersaft, Calciumgluconat, Vitamin D3, Vitamine B1, B2, B6, B12, C, E, Niacin, Pantothenat, Biotin.",235,56,"0,5","0,1",13,13,"0,5","0,03",https://www.edeka24.de/Lebensmittel/Getraenke/Saefte/Rotbaeckchen-Guter-Start-0-7L.html,https://www.edeka24.de/out/pictures/generated/product/1/540_540_90/rotbamp228ckchen_guter_start_07l.jpg
469,Lebensmittel,Getränke,Säfte,"Jacoby Bio Apfelsaft 0,75L","2,29 €","3,05 €/l","inkl. MwSt., zzgl. 4.95 € Versandkosten.",lieferbar innerhalb von 2-5 Werktagen,2023-05-02 23:12:46.200430,Naturtrüber Direktsaft,Hinweis zur Aufbewahrung: Nach dem Öffnen kühl lagern und innerhalb von 3 Tagen verbrauchen.,"Verantwortliches Lebensmittelunternehmen:
Jacoby GmbH Qualitätsfruchtsäfte, 79424 Auggen",Zutatenverzeichnis: 100% Bio Apfelsaft,195,46,"0,5","0,1",11,10,"0,5","0,01",https://www.edeka24.de/Lebensmittel/Getraenke/Saefte/Jacoby-Bio-Apfelsaft-0-75L.html,https://www.edeka24.de/out/pictures/generated/product/1/540_540_90/bio_jacoby_naturland_apfelsaft_direktsaft_075l.jpg
470,Lebensmittel,Getränke,Bier,"Krombacher Pils 0,5L","0,99 €","1,98 €/l","zzgl. 0,25 € Pfand","inkl. MwSt., zzgl. 4.95 € Versandkosten.",2023-05-02 23:12:49.478030,Alkoholgehalt: 4.8% vol.,,"Verantwortliches Lebensmittelunternehmen:
Krombacher Brauerei Bernhard Schadeberg GmbH & Co. KG, Hagener Straße 261, 57223 Kreuztal","Zutatenverzeichnis: Wasser , GERSTENMALZ, Hopfen , Hopfenextrakt",,,,,,,,,https://www.edeka24.de/Wein-Spirituosen/Bier/Krombacher-Pils-0-5L.html,https://www.edeka24.de/out/pictures/generated/product/1/540_540_90/krombacher_pils_05l_dpg.jpg
471,Lebensmittel,Getränke,Bier,"Warsteiner Premium Pilsener 0,5L","0,99 €","1,98 €/l","zzgl. 0,25 € Pfand","inkl. MwSt., zzgl. 4.95 € Versandkosten.",2023-05-02 23:12:52.011540,Bier,,"Verantwortliches Lebensmittelunternehmen:
Warsteiner Brauerei Haus Cramer KG, 59564 Warstein / Deutschland","Zutatenverzeichnis: Brauwasser, GERSTENMALZ, Hopfen, Hopfenextrakt",,,,,,,,,https://www.edeka24.de/Wein-Spirituosen/Bier/Warsteiner-Premium-Pilsener-0-5L.html,https://www.edeka24.de/out/pictures/generated/product/1/540_540_90/warsteiner-premium-pils-05-dose.jpg
472,Lebensmittel,Getränke,Bier,"Jever Fun alkoholfrei 0,5L","1,05 €","2,10 €/l","zzgl. 0,25 € Pfand","inkl. MwSt., zzgl. 4.95 € Versandkosten.",2023-05-02 23:12:54.741765,-,,"Verantwortliches Lebensmittelunternehmen:
Friesisches Brauhaus zu Jever KG, Elisabethufer 18, 26441 Jever","Zutatenverzeichnis: Wasser, GERSTENMALZ, Hopfen, Gärungskohlensäure.",,,,,,,,,https://www.edeka24.de/Wein-Spirituosen/Bier/Jever-Fun-alkoholfrei-0-5L.html,https://www.edeka24.de/out/pictures/generated/product/1/540_540_90/jever_fun_alkoholfrei_05l_dpg.jpg
473,Lebensmittel,Getränke,Bier,"Paulaner Hefeweißbier naturtrüb 0,5l","1,09 €","2,18 €/l","zzgl. 0,25 € Pfand","inkl. MwSt., zzgl. 4.95 € Versandkosten.",2023-05-02 23:12:57.515507,Hefe Weißbier Naturtrueb,Hinweis zur Aufbewahrung: Kühl und dunkel lagern,"Verantwortliches Lebensmittelunternehmen:
Paulaner Brauerei GmbH & Co. KG, Hochstraße 75 81541 Muenchen","Zutatenverzeichnis: Wasser WEIZENMALZ, GERSTENMALZ, Hefe, Hopfen",,,,,,,,,https://www.edeka24.de/Wein-Spirituosen/Bier/Paulaner-Hefeweissbier-naturtrueb-0-5l.html,https://www.edeka24.de/out/pictures/generated/product/1/540_540_90/paulaner_hefeweibier_naturtrb_dose_05_ltr.jpg
474,Lebensmittel,Getränke,Bier,"Guinness Draught mit Floating Widget Dose 4x 0,44L","5,99 €","3,40 €/l","zzgl. 1,00 € Pfand","inkl. MwSt., zzgl. 4.95 € Versandkosten.",2023-05-02 23:13:00.381065,Schankbier,,,"Zutatenverzeichnis: Wasser, GERSTENMALZ, GERSTE, geröstete GERSTE, Hopfenextrakt, Hefe, Schaummittel Stickstoff.",,,,,,,,,https://www.edeka24.de/Wein-Spirituosen/Bier/Guinness-Draught-mit-Floating-Widget-Dose-4x-0-44L.html,https://www.edeka24.de/out/pictures/generated/product/1/540_540_90/guinness_draught_mit_floating_widget_dose.jpg
475,Lebensmittel,Getränke,Bier,"Jever Pilsener 0,5L","1,05 €","2,10 €/l","zzgl. 0,25 € Pfand","inkl. MwSt., zzgl. 4.95 € Versandkosten.",2023-05-02 23:13:03.190742,Bier,,"Verantwortliches Lebensmittelunternehmen:
Friesisches Brauhaus zu Jever, 26441 Jever Elisabethufer 18","Zutatenverzeichnis: Wasser, GERSTENmalz, Hopfen.",40,167,"0,5","0,1","2,2","0,5","0,5","0,02",https://www.edeka24.de/Wein-Spirituosen/Bier/Jever-Pilsener-0-5L.html,https://www.edeka24.de/out/pictures/generated/product/1/540_540_90/jever_pilsener_dose_05_ltr.jpg
476,Lebensmittel,Getränke,Bier,"Erdinger Weißbier 0,5L","1,19 €","2,38 €/l","zzgl. 0,25 € Pfand","inkl. MwSt., zzgl. 4.95 € Versandkosten.",2023-05-02 23:13:06.115662,"Weißbier mit feiner Hefe, Vollbier",,"Verantwortliches Lebensmittelunternehmen:
Privatbrauerei ERDINGER WEISSBRÄU Werner Brombach GmbH, Lange Zeile 1-3, D-85435 Erding","Zutatenverzeichnis: Wasser, WEIZENMALZ, GERSTENMALZ, Hopfen, Hefe","44,00000","185,00000","0,10000","0,10000","2,60000","0,10000","0,60000","0,00130",https://www.edeka24.de/Wein-Spirituosen/Bier/Erdinger-Weissbier-0-5L.html,https://www.edeka24.de/out/pictures/generated/product/1/540_540_90/erdinger_weiamp223bier_05l_dpg.jpg
477,Lebensmittel,Getränke,Bier,"Astra Urtyp 0,5L","0,99 €","1,98 €/l","zzgl. 0,25 € Pfand","inkl. MwSt., zzgl. 4.95 € Versandkosten.",2023-05-02 23:13:08.953724,Bier,,"Verantwortliches Lebensmittelunternehmen:
Bavaria-St.Pauli GmbH, 22755 Hamburg","Zutatenverzeichnis: Wasser, GERSTENMALZ, Hopfen",,,,,,,,,https://www.edeka24.de/Wein-Spirituosen/Bier/Astra-Urtyp-0-5L.html,https://www.edeka24.de/out/pictures/generated/product/1/540_540_90/astra_urtyp_05l_dpg.jpg
478,Lebensmittel,Getränke,Bier,"Bitburger 0,0% Alkoholfrei 0,5L","1,05 €","2,10 €/l","zzgl. 0,25 € Pfand","inkl. MwSt., zzgl. 4.95 € Versandkosten.",2023-05-02 23:13:11.183964,Alkoholfreies Pils,,"Verantwortliches Lebensmittelunternehmen:
Bitburger Braugruppe GmbH, 54534 Bitburg","Zutatenverzeichnis: Wasser, GERSTENMALZ, Gärungskohlensäure, Hopfen, Hopfenextrakt.",138,33,0,0,"7,8","4,4","0,5",0,https://www.edeka24.de/Wein-Spirituosen/Bier/Bitburger-0-0-Alkoholfrei-0-5L.html,https://www.edeka24.de/out/pictures/generated/product/1/540_540_90/bitburger_00_alkoholfrei_05l_dpg.jpg
479,Lebensmittel,Getränke,Bier,"Becks Pils 0,5L","1,09 €","2,18 €/l","zzgl. 0,25 € Pfand","inkl. MwSt., zzgl. 4.95 € Versandkosten.",2023-05-02 23:13:14.289970,Bier.,"Hinweis zur Aufbewahrung: Kein Verzehr in Zusammenhang mit a) dem Führen von Fahrzeugen, b) einer Schwangerschaft, c) Medikamenten-Einnahme","Verantwortliches Lebensmittelunternehmen:
Anheuser-Busch InBev Deutschland GmbH & Co.KG, 28199 Bremen, Germany","Zutatenverzeichnis: Brauwasser, GERSTENMALZ, Hopfen",,,,,,,,,https://www.edeka24.de/Wein-Spirituosen/Bier/Becks-Pils-0-5L.html,https://www.edeka24.de/out/pictures/generated/product/1/540_540_90/becks_pils_dose.jpg
481,Lebensmittel,Getränke,Bier,"Erdinger Alkoholfrei 0,5L","1,19 €","2,38 €/l","zzgl. 0,25 € Pfand","inkl. MwSt., zzgl. 4.95 € Versandkosten.",2023-05-02 23:13:20.333306,Alkoholfreies Schankbier mit feiner Hefe,,"Verantwortliches Lebensmittelunternehmen:
Privatbrauerei ERDINGER WEISSBRÄU Werner Brombach GmbH, Lange Zeile 1-3, D-85435 Erding","Zutatenverzeichnis: Wasser, WEIZENMALZ, GERSTENMALZ, Hopfen, Hefe, Gärungskohlensäure","25,00000","107,00000","0,10000","0,10000","5,30000","3,60000","0,40000","0,00130",https://www.edeka24.de/Wein-Spirituosen/Bier/Erdinger-Alkoholfrei-0-5L.html,https://www.edeka24.de/out/pictures/generated/product/1/540_540_90/erdinger_alkoholfrei_05l_dpg.jpg
482,Lebensmittel,Getränke,Bier,"Gösser Natur Radler 0,0% alkoholfrei 0,5L","1,09 €","2,18 €/l","zzgl. 0,25 € Pfand","inkl. MwSt., zzgl. 4.95 € Versandkosten.",2023-05-02 23:13:23.387440,Alkoholfreies Biermischgetränk aus 50% Erfrischungsgetränk mit Citrusgeschmack und 50% alkoholfreiem Bier.,,"Verantwortliches Lebensmittelunternehmen:
Brauunion Österreich AG, Poschacherstraße 35, 4021 Linz","Zutatenverzeichnis: Erfrischungsgetränk mit Citrusgeschmack (Wasser, Fruktosesirup, Zitronensaft aus Zitronensaftkonzentrat (3,8%), Orangensaft aus Orangensaftkonzentrat, Apfelsaft aus Apfelsaftkonzentrat, Kohlensäure, konzentrierter Zitronenextrakt, Säuerungsmittel Citronensäure, natürliches Aroma, Stabilisator Johannisbrotkernmehl, Zitronengrasextrakt), alkoholfreies Bier (Wasser, GERSTENMALZ, Hopfen, Hopfenextrakt, Kohlensäure).",102,24,0,0,"5,7","4,4",0,"0,01",https://www.edeka24.de/Wein-Spirituosen/Bier/Goesser-Natur-Radler-0-0-alkoholfrei-0-5L.html,https://www.edeka24.de/out/pictures/generated/product/1/540_540_90/gamp246sser_naturradler_00_05l_dpg.jpg
483,Lebensmittel,Getränke,Bier,"Benediktiner Hell 0,5L","1,29 €","2,58 €/l","zzgl. 0,25 € Pfand","inkl. MwSt., zzgl. 4.95 € Versandkosten.",2023-05-02 23:13:25.844520,Bier,Hinweis zur Aufbewahrung: Bitte kühl lagern.,"Verantwortliches Lebensmittelunternehmen:
Benediktiner Weissbräu GmbH, 82488 Ettal","Zutatenverzeichnis: Wasser, GERSTENMALZ, Hopfen",,,,,,,,,https://www.edeka24.de/Wein-Spirituosen/Bier/Benediktiner-Hell-0-5L.html,https://www.edeka24.de/out/pictures/generated/product/1/540_540_90/benediktiner_hell_05l_dpg.jpg
484,Lebensmittel,Getränke,Bier,"Bitburger Pils 0,5L","1,05 €","2,10 €/l","zzgl. 0,25 € Pfand","inkl. MwSt., zzgl. 4.95 € Versandkosten.",2023-05-02 23:13:28.421998,Bier.,,"Verantwortliches Lebensmittelunternehmen:
Bitburger Braugruppe GmbH, 54534 Bitburg","Zutatenverzeichnis: Wasser, GERSTENMALZ, Hopfen, Hopfenextrakt.",170,40,0,0,"3,1",0,0,0,https://www.edeka24.de/Wein-Spirituosen/Bier/Bitburger-Pils-0-5L.html,https://www.edeka24.de/out/pictures/generated/product/1/540_540_90/bitburger_pils_05l_dpg.jpg
485,Lebensmittel,Getränke,Bier,"Schöfferhofer Weizen-Mix Grapefruit 0,5L","1,19 €","2,38 €/l","zzgl. 0,25 € Pfand","inkl. MwSt., zzgl. 4.95 € Versandkosten.",2023-05-02 23:13:31.711778,Biermischgetränk aus 50% Schöfferhofer Hefeweizenbier und 50% Grapefruit-Erfrischungsgetränk,,"Verantwortliches Lebensmittelunternehmen:
Schöfferhofer Weizen GmbH, 60598 Frankfurt am Main Darmstädter Landstr. 185","Zutatenverzeichnis: Weizenbier(Wasser, WEIZENMALZ, GERSTENMALZ, Hopfenextrakt, Hefe),Grapefruit-Erfrischungsgetränk (Wasser, Grapefruitsaft* (5,5%),Zucker, Zitronensaft*, Orangensaft*, Kohlensäure, Zitronen- und Orangenextrakt, Säuerungsmittel Citronensäure, AntioxidationsmittelAscorbinsäure, natürliches Grapefruitaroma, Farbstoff E120,Stabilisator Johannisbrotkernmehl)",39,165,0,0,"5,3",0,"0,4","0,01",https://www.edeka24.de/Wein-Spirituosen/Bier/Schoefferhofer-Weizen-Mix-Grapefruit-0-5L.html,https://www.edeka24.de/out/pictures/generated/product/1/540_540_90/schoefferhofer-weizen-mix-dose.jpg
486,Lebensmittel,Getränke,Bier,"Heineken Lager Beer Dose 0,33L","1,29 €","3,91 €/l","zzgl. 0,25 € Pfand","inkl. MwSt., zzgl. 4.95 € Versandkosten.",2023-05-02 23:13:35.641138,Bier.,,"Verantwortliches Lebensmittelunternehmen:
Heineken Deutschland GmbH, Ehrenbergstr. 19, 10245 Berlin","Zutatenverzeichnis: Wasser, GERSTENMALZ, Hopfen",,,,,,,,,https://www.edeka24.de/Wein-Spirituosen/Bier/Heineken-Lager-Beer-Dose-0-33L.html,https://www.edeka24.de/out/pictures/generated/product/1/540_540_90/11_heineken_can_33cltactile.jpg-windows-fotoanzeige_2013-01-31_10-58-49.jpg
487,Lebensmittel,Getränke,Bier,"Corona Extra 0,33L","1,19 €","3,61 €/l","zzgl. 0,25 € Pfand","inkl. MwSt., zzgl. 4.95 € Versandkosten.",2023-05-02 23:13:38.932784,Alkoholgehalt: 4.5% vol.,,"Verantwortliches Lebensmittelunternehmen:
Anheuser-Busch InBev Deutschland GmbH & Co. KG, 28199 Bremen","Zutatenverzeichnis: Wasser, GERSTENMALZ, Mais, Hopfen.",176,42,0,0,4,"0,2","0,3",0,https://www.edeka24.de/Wein-Spirituosen/Bier/Corona-Extra-0-33L.html,https://www.edeka24.de/out/pictures/generated/product/1/540_540_90/corona_extra_033l_dpg.jpg
488,Lebensmittel,Getränke,Bier,"Bitburger Radler 0,5L","1,05 €","2,10 €/l","zzgl. 0,25 € Pfand","inkl. MwSt., zzgl. 4.95 € Versandkosten.",2023-05-02 23:13:41.856930,Biermischgetränk aus 50% Bier und 50% Zitronenlimonade.,,"Verantwortliches Lebensmittelunternehmen:
Bitburger Braugruppe GmbH, 54534 Bitburg","Zutatenverzeichnis: Bier (Wasser, GERSTENMALZ, Hopfen, Hopfenextrakt), Zitronenlimonade (Wasser, Zucker, Kohlensäure, Säuerungsmittel Zitronensäure, natürliches Zitronen-Limetten-Aroma)",43,34,0,0,"5,1","3,9",0,0,https://www.edeka24.de/Wein-Spirituosen/Bier/Bitburger-Radler-0-5L.html,https://www.edeka24.de/out/pictures/generated/product/1/540_540_90/bitburger_radler_05l_dpg.jpg
489,Lebensmittel,Getränke,Bier,"Stuttgarter Hofbräu Naturtrübes Radler 0,5L","0,99 €","1,98 €/l","zzgl. 0,25 € Pfand","inkl. MwSt., zzgl. 4.95 € Versandkosten.",2023-05-02 23:13:44.885246,Biermischgetränk aus 40% unfiltriertem Bier und 60% Zitronenlimonade und Zucker.,,"Verantwortliches Lebensmittelunternehmen:
Stuttgarter Hofbräu Brau AG & Co.KG, 70199 Stuttgart Böblinger Str. 132","Zutatenverzeichnis: Zitronenlimonade (Wasser, Zucker, Kohlensäure, Zitronensaftkonzentrat, Orangensaftkonzentrat, Orangenextrakt, natürliches Zitronenaroma), Bier (Brauwasser, GERSTENMALZ, Hopfen)",,,,,,,,,https://www.edeka24.de/Wein-Spirituosen/Bier/Stuttgarter-Hofbraeu-Naturtruebes-Radler-0-5L.html,https://www.edeka24.de/out/pictures/generated/product/1/540_540_90/stuttgarter_hofbramp228u_naturradler_05l_dpg.jpg
491,Lebensmittel,Getränke,Bier,"Desperados Tequila Flavoured Beer 0,5L","2,29 €","4,58 €/l","zzgl. 0,25 € Pfand","inkl. MwSt., zzgl. 4.95 € Versandkosten.",2023-05-02 23:13:52.083918,Alkoholgehalt: 5.9% vol.,,"Verantwortliches Lebensmittelunternehmen:
Heineken Deutschland GmbH, Ehrenbergstraße 19, D-10245 Berlin","Zutatenverzeichnis: Wasser, Gerstenmalz, Glukosesirup, Mais, Zucker, Kohlensäure, Säuerungsmittel: Citronensäure, Hopfenextrakt, Aroma (Tequila, Etheris che Öle, Pflanzenextrakt)",,,,,,,,,https://www.edeka24.de/Wein-Spirituosen/Bier/Desperados-Tequila-Flavoured-Beer-0-5L.html,https://www.edeka24.de/out/pictures/generated/product/1/540_540_90/desperados_dose.jpg
492,Lebensmittel,Getränke,Eistee,4Bro Ice Tea Bubble Gum 1L,"1,49 €","1,49 €/l","inkl. MwSt., zzgl. 4.95 € Versandkosten.",lieferbar innerhalb von 2-5 Werktagen,2023-05-02 23:13:54.979245,Erfrischungsgetränk aus Weißtee-Extrakt und Bubblegum-Geschmack,Hinweis zur Aufbewahrung: Nach dem Öffnen gekühlt und stehend lagern und innerhalb von 3-4 Tagen verzehren.,"Verantwortliches Lebensmittelunternehmen:
Ethno IQ GmbH, Scharnhorststr. 9, 44532 Lünen","Zutatenverzeichnis: Wasser, Zucker, Säuerungsmittel: Citronensäure (E330), Weißtee-Extrakt (0,1%), Säureregulator: Natriumcitrate (E331), färbendes Konzentrat aus Süßkartoffel, Aroma.",150,35,"0,5","0,5","8,6","8,6","0,01","0,03",https://www.edeka24.de/Lebensmittel/Getraenke/Eistee/4Bro-Ice-Tea-Bubble-Gum-1L.html,https://www.edeka24.de/out/pictures/generated/product/1/540_540_90/4bro_ice_tea_bubble_gum_1l_ew.jpg
493,Lebensmittel,Getränke,Eistee,4Bro Ice Tea Peach 1L,"1,49 €","1,49 €/l","inkl. MwSt., zzgl. 4.95 € Versandkosten.",lieferbar innerhalb von 2-5 Werktagen,2023-05-02 23:13:57.618945,Erfrischungsgetränk aus Schwarztee-Extrakt mit Pfirsichgeschmack,Hinweis zur Aufbewahrung: Nach dem Öffnen gekühlt und stehend lagern und innerhalb von 3-4 Tagen verzehren.,"Verantwortliches Lebensmittelunternehmen:
Ethno IQ GmbH, Scharnhorststr. 9, 44532 Lünen","Zutatenverzeichnis: Wasser, Zucker, Säuerungsmittel: Citronensäure(E330), Schwarztee-Extrakt (0,12%), Säureregulator: Natriumcitrate (E331), Aroma, Antioxidationsmittel: Ascorbinsäure (E300)",125,29,"0,5","0,5","7,1","7,1","0,02","0,08",https://www.edeka24.de/Lebensmittel/Getraenke/Eistee/4Bro-Ice-Tea-Peach-1L.html,https://www.edeka24.de/out/pictures/generated/product/1/540_540_90/4bro_ice_tea_peach_1l_ew.jpg
494,Lebensmittel,Getränke,Eistee,"Arizona Red Tea 0,5L","1,19 €","2,38 €/l","zzgl. 0,25 € Pfand","inkl. MwSt., zzgl. 4.95 € Versandkosten.",2023-05-02 23:14:00.468575,Erfrischungsgetränk mit gebrühtem Rooibos- und Kamillentee.,Hinweis zur Aufbewahrung: Nach dem Öffnen im Kühlschrank stehend lagern und innerhalb von 2-3 Tagen verbrauchen.,"Verantwortliches Lebensmittelunternehmen:
Arizona Europe Coöperatief U.A., Barbara Strozzilaan 201, 1083 HN Amsterdam","Zutatenverzeichnis: Gebrühter Rooibos - und Kamillentee 95% (Wasser, starker Aufguss aus Rooibos 1,4% und Kamilla), Zucker, natürliches Rooibos, Säuerungsmittel: Citronensäure, Antioxidationsmittel: Ascorbinsäure.",86,20,0,0,"4,9","4,9",0,0,https://www.edeka24.de/Lebensmittel/Getraenke/Eistee/Arizona-Red-Tea-0-5L.html,https://www.edeka24.de/out/pictures/generated/product/1/540_540_90/arizonaafrican_rooibos_05l_dpg.jpg
495,Lebensmittel,Getränke,Eistee,"BraTee Granatapfel 0,75L","1,59 €","2,12 €/l","inkl. MwSt., zzgl. 4.95 € Versandkosten.",lieferbar innerhalb von 2-5 Werktagen,2023-05-02 23:14:03.798690,Teegetränk mit Granatapfelgeschmack,,"Verantwortliches Lebensmittelunternehmen:
UniBev GmbH, Rotebühlstraße 66, 70178 Stuttgart","Zutatenverzeichnis: 89% direkt gebrühter schwarzer Tee (Wasser, Schwarztee), Zucker, Säuerungsmittel Citronensäure,färbendes Konzentrat aus Karotte, Säureregulator Trinatriumcitat, Aroma, Granatapfelsaftkonzentrat.",36,153,"0,01","0,01","8,8","8,8","0,01","0,04",https://www.edeka24.de/Lebensmittel/Getraenke/Eistee/BraTee-Granatapfel-0-75L.html,https://www.edeka24.de/out/pictures/generated/product/1/540_540_90/bratee_granatapfel_075l.jpg
496,Lebensmittel,Getränke,Eistee,"BraTee Pfirsich 0,75L","1,59 €","2,12 €/l","inkl. MwSt., zzgl. 4.95 € Versandkosten.",lieferbar innerhalb von 2-5 Werktagen,2023-05-02 23:14:06.689345,Teegetränk mit Pfirsichgeschmack,,"Verantwortliches Lebensmittelunternehmen:
UniBev GmbH, Rotebühlstraße 66, 70178 Stuttgart","Zutatenverzeichnis: 89% direkt gebrühter schwarzer Tee (Wasser, Schwarztee), Zucker, Säuerungsmittel Citronensäure, Säureregulator Trinatriumcitat, Aroma, Pfirsichsaftkonzentrat, Antiovidationsmittel Ascorbinsäure.",34,143,"0,01","0,01","8,2","8,2","0,01","0,04",https://www.edeka24.de/Lebensmittel/Getraenke/Eistee/BraTee-Pfirsich-0-75L.html,https://www.edeka24.de/out/pictures/generated/product/1/540_540_90/bra_tee_pfirsich_075l.jpg
497,Lebensmittel,Getränke,Eistee,"BraTee Wassermelone 0,75L","1,59 €","2,12 €/l","inkl. MwSt., zzgl. 4.95 € Versandkosten.",lieferbar innerhalb von 2-5 Werktagen,2023-05-02 23:14:09.808259,Teegetränk mit Wassermelonengeschmack,,"Verantwortliches Lebensmittelunternehmen:
UniBev GmbH, Rotebühlstraße 66, 70178 Stuttgart","Zutatenverzeichnis: 89% direkt gebrühter schwarzer Tee (Wasser, Schwarztee), Zucker, Säuerungsmittel Citronensäure, färbendes Konzentrat aus Karotte, Säureregulator Trinatriumcitat, Wassermelonensaftkonzentrat, Aroma.",34,144,"0,01","0,01","8,3","8,3","0,01","0,04",https://www.edeka24.de/Lebensmittel/Getraenke/Eistee/BraTee-Wassermelone-0-75L.html,https://www.edeka24.de/out/pictures/generated/product/1/540_540_90/bra_tee_wassermelone_075l.jpg
498,Lebensmittel,Getränke,Eistee,"BraTee Zitrone 0,75L","1,59 €","2,12 €/l","inkl. MwSt., zzgl. 4.95 € Versandkosten.",lieferbar innerhalb von 2-5 Werktagen,2023-05-02 23:14:12.423488,Teegetränk mit Zitronengeschmack,,"Verantwortliches Lebensmittelunternehmen:
UniBev GmbH, Rotebühlstraße 66, 70178 Stuttgart","Zutatenverzeichnis: 89% direkt gebrühter schwarzer Tee (Wasser, Schwarztee), Zucker, Säuerungsmittel Citronensäure, Zitronensaftkonzentrat, Säureregulator Trinatriumcitat, natürliches Aroma, Antiovidationsmittel Ascorbinsäure.",148,35,"0,01","0,01","8,4","8,4","0,01","0,05",https://www.edeka24.de/Lebensmittel/Getraenke/Eistee/BraTee-Zitrone-0-75L.html,https://www.edeka24.de/out/pictures/generated/product/1/540_540_90/bra_tee_zitrone_075l.jpg
499,Lebensmittel,Getränke,Eistee,CSwiss The Original Cannabis Ice Tea 250ML,"1,49 €","5,96 €/l","inkl. MwSt., zzgl. 4.95 € Versandkosten.",lieferbar innerhalb von 2-5 Werktagen,2023-05-02 23:14:14.914248,Eistee mit Schwarztee-Extrakt und Hanfsirup.,Hinweis zur Aufbewahrung: Mindestens haltbar bis Ende: siehe Verpackungsaufdruck,"Verantwortliches Lebensmittelunternehmen:
Seegull Trading GmbH, Milser-Heide-Str. 65, 6068 Mils","Zutatenverzeichnis: Wasser, Hanfsirup (Wasser, Zucker, flüssiger Hanfextrakt) 5%, Zucker, Zitronensaft aus Zitronensaftkonzentrat, Schwarztee-Extrakt 0,14%, Antioxidationsmittel: Ascorbinsäure; Aroma.",130,31,0,0,"7,6","7,4",0,"0,02",https://www.edeka24.de/Lebensmittel/Getraenke/Eistee/CSwiss-The-Original-Cannabis-Ice-Tea-250ML.html,https://www.edeka24.de/out/pictures/generated/product/1/540_540_90/swiss_cannabis_ice_tea_250_ml.jpg
500,Lebensmittel,Getränke,Eistee,"Fuze Tea Green Tea-Mango 0,4L","1,19 €","2,98 €/l","zzgl. 0,25 € Pfand","inkl. MwSt., zzgl. 4.95 € Versandkosten.",2023-05-02 23:14:18.087534,-,,"Verantwortliches Lebensmittelunternehmen:
Coca-Cola European Partners DE, D-10207 Berlin","Zutatenverzeichnis: Wasser, Zucker, Mangosaft aus Mangosaftkonzentrat (1%), löslicher Grüntee-Extrakt (0,14%), Säuerungsmittel Citronensäure, Säureregulator Natriumcitrate, Antioxidationsmittel Ascorbinsäure, natürliches Aroma, Süßungsmittel Steviolglykoside, Kamillenextrakt.",78,19,0,0,"4,3","4,3",0,"0,03",https://www.edeka24.de/Lebensmittel/Getraenke/Eistee/Fuze-Tea-Green-Tea-Mango-0-4L.html,https://www.edeka24.de/out/pictures/generated/product/1/540_540_90/fuze_tea_green_teamango_04l_dpg.jpg
501,Lebensmittel,Getränke,Eistee,"Fuze Tea Lemon 0,4L","1,19 €","2,98 €/l","zzgl. 0,25 € Pfand","inkl. MwSt., zzgl. 4.95 € Versandkosten.",2023-05-02 23:14:21.222835,-,,"Verantwortliches Lebensmittelunternehmen:
Coca-Cola European Partners DE, D-10207 Berlin","Zutatenverzeichnis: Wasser, Zucker, Zitronensaft aus Zitronensaftkonzentrat (1%), Säuerungsmittel Citronensäure, löslicher Tee-Extrakt (0,12%), Säureregulator Natriumcitrate, Antioxidationsmittel Ascorbinsäure, Aroma.",129,30,0,0,"7,2","7,2",0,"0,03",https://www.edeka24.de/Lebensmittel/Getraenke/Eistee/Fuze-Tea-Lemon-0-4L.html,https://www.edeka24.de/out/pictures/generated/product/1/540_540_90/fuze_tea_lemon_04l_dpg.jpg
502,Lebensmittel,Getränke,Eistee,"Fuze Tea Peach 0,4L","1,19 €","2,98 €/l","zzgl. 0,25 € Pfand","inkl. MwSt., zzgl. 4.95 € Versandkosten.",2023-05-02 23:14:24.353640,-,,"Verantwortliches Lebensmittelunternehmen:
Coca-Cola European Partners DE, D-10207 Berlin","Zutatenverzeichnis: Wasser, Zucker, Pfirsichsaft aus Pfirsichsaftkonzentrat (1%), Säuerungsmittel Citronensäure, löslicher Tee-Extrakt (0,12%), Säureregulator Natriumcitrate, Aroma.",119,28,0,0,"6,7","6,5",0,"0,04",https://www.edeka24.de/Lebensmittel/Getraenke/Eistee/Fuze-Tea-Peach-0-4L.html,https://www.edeka24.de/out/pictures/generated/product/1/540_540_90/fuze_tea_peach_04l_dpg.jpg
503,Lebensmittel,Getränke,Eistee,"Mein T Grazi T 0,5L","0,79 €","1,58 €/l","inkl. MwSt., zzgl. 4.95 € Versandkosten.",lieferbar innerhalb von 2-5 Werktagen,2023-05-02 23:14:27.635172,Erfrischungsgetränk Granatapfel-Zitrone mit Tee-Extrakt. Fruchtgehalt: 3%,,"Verantwortliches Lebensmittelunternehmen:
Nordfrost GmbH & Co. KG, 26419 Schortens","Zutatenverzeichnis: Wasser, Zucker, Zitronensaft aus Zitronensaftkonzentrat (2%), Granatapfelsaft aus Granatapfelsaftkonzentrat (1%), natürliches Aroma, schwarzes Karottensaftkonzentrat, Säuerungsmittel Citronensäure, Tee-Extrakt.",187,44,"0,5","0,1",11,11,"0,5","0,003",https://www.edeka24.de/Lebensmittel/Getraenke/Eistee/Mein-T-Grazi-T-0-5L.html,https://www.edeka24.de/out/pictures/generated/product/1/540_540_90/meint_grazit_05l_ew.jpg
504,Lebensmittel,Getränke,Eistee,"Mein T Kirsch-Zitrone T 0,5L","0,79 €","1,58 €/l","inkl. MwSt., zzgl. 4.95 € Versandkosten.",lieferbar innerhalb von 2-5 Werktagen,2023-05-02 23:14:29.983472,"Erfrischungsgetränk mit Kirsch-Zitrone mit Tee-Extrakt Fruchtgehalt 1,7%",,"Verantwortliches Lebensmittelunternehmen:
Nordfrost GmbH & Co. KG, 26419 Schortens","Zutatenverzeichnis: Wasser, Zucker, Sauerkirschsaft aus Sauerkirschsaftkonzentrat (1,4%), Zitronensaft aus Zitronensaftkonzentrat (0,3%), Säuerungsmitel Citronensäure, Aroma, Tee-Extrakt, GERSTENMALZEXTRAKT",179,42,"0,5","0,1",10,10,"0,5","0,003",https://www.edeka24.de/Lebensmittel/Getraenke/Eistee/Mein-T-Kirsch-Zitrone-T-0-5L.html,https://www.edeka24.de/out/pictures/generated/product/1/540_540_90/kirschzitronen_t_erfrischungsgetrnk_mit_teeauszgen_und_kirschzitrone.jpg
505,Lebensmittel,Getränke,Eistee,"Mein T Multivitamin T 0,5L","0,79 €","1,58 €/l","inkl. MwSt., zzgl. 4.95 € Versandkosten.",lieferbar innerhalb von 2-5 Werktagen,2023-05-02 23:14:32.568594,Erfrischungsgetränk Multivitamin-Mehrfrucht mit Tee-Extrakt. Fruchtgehalt: 5%.,,"Verantwortliches Lebensmittelunternehmen:
Nordfrost GmbH & Co. KG, 26419 Schortens","Zutatenverzeichnis: Wasser, Zucker, Traubenzucker (2,9%), Orangensaft aus Orangensaftkonzentrat, Apfelsaft aus Apfelsaftkonzentrat, Maracujasaft aus Maracujasaftkonzentrat, Säuerungsmittel Citronensäure, Aroma, Zitronensaft aus Zitronensaftkonzentrat, Tee-Extrakt, Vitaminmischung: Nicotinsäureamid, Panthothenat, Vitamin B6, Folsäure, Biotin, Vitamin B12; Stabilisator Pektine, GERSTENMALZ-EXTRAKT, Farbstoff Carotin.",189,45,"0,5","0,1",11,11,"0,5","0,01",https://www.edeka24.de/Lebensmittel/Getraenke/Eistee/Mein-T-Multivitamin-T-0-5L.html,https://www.edeka24.de/out/pictures/generated/product/1/540_540_90/meint_multivitamint_05l_ew.jpg
506,Lebensmittel,Getränke,Eistee,"Mein T Orangen T 0,5L","0,79 €","1,58 €/l","inkl. MwSt., zzgl. 4.95 € Versandkosten.",lieferbar innerhalb von 2-5 Werktagen,2023-05-02 23:14:35.635816,"Erfrischungsgetränk Orange mit Tee-extrakt. Fruchtgehalt: 1,7%",,"Verantwortliches Lebensmittelunternehmen:
Nordfrost GmbH & Co. KG, 26419 Schortens","Zutatenverzeichnis: Wasser, Zucker, Orangensaft aus Orangensaftkonzentrat (1,7%), Säuerungsmittel Citronensäure, Aroma, Farbstoff E 150b, Tee-Extrakt, Antioxidationsmittel Ascorbinsäure.",163,38,"0,5","0,1","9,2","9,2","0,5","0,003",https://www.edeka24.de/Lebensmittel/Getraenke/Eistee/Mein-T-Orangen-T-0-5L.html,https://www.edeka24.de/out/pictures/generated/product/1/540_540_90/fz_sued_orangentee_500_ml.jpg
507,Lebensmittel,Getränke,Eistee,"Mein T Pfirsich T 0,5L","0,79 €","1,58 €/l","inkl. MwSt., zzgl. 4.95 € Versandkosten.",lieferbar innerhalb von 2-5 Werktagen,2023-05-02 23:14:38.717372,"Erfrischungsgetränk Pfirsich mit tee-Extrakt. Fruchtgehalt: 2,3%",,"Verantwortliches Lebensmittelunternehmen:
Nordfrost GmbH & Co. KG, 26419 Schortens","Zutatenverzeichnis: Wasser, Zucker, Pfirsichsaft aus Pfirsichsaftkonzentrat (2,3%), Säuerungsmittel Citronensäure, Tee-Extrakt, GERSTENMALZ-EXTRAKT, Aroma.",162,38,"0,5","0,1","9,2","9,2","0,5","0,003",https://www.edeka24.de/Lebensmittel/Getraenke/Eistee/Mein-T-Pfirsich-T-0-5L.html,https://www.edeka24.de/out/pictures/generated/product/1/540_540_90/nf_pfirsichtee_500_ml_pk.jpg
508,Lebensmittel,Getränke,Eistee,"Mein T Wassermelonen T 0,5L","0,79 €","1,58 €/l","inkl. MwSt., zzgl. 4.95 € Versandkosten.",lieferbar innerhalb von 2-5 Werktagen,2023-05-02 23:14:41.746980,Erfrischungsgetränk Apfel mit Wassermelonengeschmack und Tee-Extrakt. Fruchtgehalt: 12%,,"Verantwortliches Lebensmittelunternehmen:
Nordfrost GmbH & Co. KG, 26419 Schortens","Zutatenverzeichnis: Wasser, Apfelsaft aus Apfelsaftkonzentrat (12%), Zucker, Säuerungsmittel Citronensäure, Tee-Extrakt (0,04%), natürliches Aroma, schwarzes Karottensaftkonzentrat, Färberdistel-Extrakt, GERSTENMALZ-EXTRAKT.",182,43,"0,5","0,1",10,10,"0,5","0,003",https://www.edeka24.de/Lebensmittel/Getraenke/Eistee/Mein-T-Wassermelonen-T-0-5L.html,https://www.edeka24.de/out/pictures/generated/product/1/540_540_90/wassermelonent.jpg
509,Lebensmittel,Getränke,Eistee,"Mein T Wildbeeren T 0,5L","0,79 €","1,58 €/l","inkl. MwSt., zzgl. 4.95 € Versandkosten.",lieferbar innerhalb von 2-5 Werktagen,2023-05-02 23:14:44.559662,Erfrischungsgetränk rote Beeren mit Tee-Extrakt. Fruchtgehalt: 1%,,"Verantwortliches Lebensmittelunternehmen:
Nordfrost GmbH & Co. KG, 26419 Schortens","Zutatenverzeichnis: Wasser, Zucker, Apfelsaft aus Apfelsaftkonzentrat, Säuerungsmittel Citronensäure, Holunderbeerenkonzentrat, Aroma, Sauerkirschsaft aus Sauerkirschsaftkonzentrat, Holunderbeerensaft aus Holunderbeerensaftkonzentrat, Tee-Extrakt, Glukose-Fruktose-Sirup, Antioxidationsmittel Ascorbinsäure, GERSTENMALZ-EXTRAKT.",160,38,"0,5","0,1","9,1","9,1","0,5","0,003",https://www.edeka24.de/Lebensmittel/Getraenke/Eistee/Mein-T-Wildbeeren-T-0-5L.html,https://www.edeka24.de/out/pictures/generated/product/1/540_540_90/nf_wildbeerentee_500_ml_pk.jpg
510,Lebensmittel,Getränke,Eistee,"Mein T Zitronen T 0,5L","0,79 €","1,58 €/l","inkl. MwSt., zzgl. 4.95 € Versandkosten.",lieferbar innerhalb von 2-5 Werktagen,2023-05-02 23:14:46.876875,Erfrischungsgetränk Zitrone mit Tee-Extrakt.,,"Verantwortliches Lebensmittelunternehmen:
Nordfrost GmbH & Co. KG, 26419 Schortens","Zutatenverzeichnis: Wasser, Zucker, Zitronensaft aus Zitronensaftkonzentrat (4%), Traubenzucker (2,9%), Orangensaft aus Orangensaftkonzentrat, Aroma, Tee-Extrakt, Stabilisator Johannisbrotkernmehl, GERSTENMALZ-EXTRAKT.",188,44,"0,5","0,1",11,11,"0,5","0,003",https://www.edeka24.de/Lebensmittel/Getraenke/Eistee/Mein-T-Zitronen-T-0-5L.html,https://www.edeka24.de/out/pictures/generated/product/1/540_540_90/zitronen_t_erfrischungsgetrnk_mit_teeauszgen_und_zitrone_500_ml_packung.jpg
511,Lebensmittel,Getränke,Eistee,"Rauch Eistee Lemon 0,33lDPG","0,89 €","2,70 €/l","zzgl. 0,25 € Pfand","inkl. MwSt., zzgl. 4.95 € Versandkosten.",2023-05-02 23:14:49.627158,Eistee Zitrone aus Schwarztee und Hagebutte,Hinweis zur Aufbewahrung: Nach öffnen aufbrauchen.,"Verantwortliches Lebensmittelunternehmen:
Rauch Fruchtsäfte GmbH & Co OG Langgasse 1, A-6830 Rankweil, Austria","Zutatenverzeichnis: Aufguss aus Schwarztee und Hagebutten (Wasser, Schwarztee, Hagebutten), Zucker, 1,5% Zitronensaft aus Zitronensaftkonzentrat, Säuerungsmittel: Citronensäure; Säureregulator: Natriumcitrate; Aroma. Tee-Extrakt: mind. 1,5 g/l.",118,28,"<0,5","<0,1","6,7","6,7","<0,5","0,02",https://www.edeka24.de/Lebensmittel/Getraenke/Eistee/Rauch-Eistee-Lemon-0-33lDPG.html,https://www.edeka24.de/out/pictures/generated/product/1/540_540_90/rauch_eistee_lemon_033ldpg.jpg
512,Lebensmittel,Getränke,Eistee,"Rauch Eistee Pfirsich 0,33l DPG","0,89 €","2,70 €/l","zzgl. 0,25 € Pfand","inkl. MwSt., zzgl. 4.95 € Versandkosten.",2023-05-02 23:14:52.645651,Eistee Pfirsich aus Schwarztee und Hagebutte,,"Verantwortliches Lebensmittelunternehmen:
Rauch Fruchtsäfte GmbH & Co OG Langgasse 1, A-6830 Rankweil, Austria","Zutatenverzeichnis: Aufguss aus Schwarztee und Hagebutten (Wasser, Schwarztee, Hagebutten), Zucker, Fruchtsaft aus Fruchtsaftkonzentrat (1% Pfirsich, Zitrone), Säuerungsmittel: Citronensäure; Aroma. Tee-Extrakt: mind. 1,5g/l.",118,28,"<0,5","<0,1","6,7","6,7","<0,5","<0,01",https://www.edeka24.de/Lebensmittel/Getraenke/Eistee/Rauch-Eistee-Pfirsich-0-33l-DPG.html,https://www.edeka24.de/out/pictures/generated/product/1/540_540_90/rauch_eistee_pfirsich_033l_dpg.jpg
513,Lebensmittel,Getränke,Eistee,Ti Bio Grüner Tee & Mango 1L,"1,69 €","1,69 €/l","zzgl. 0,25 € Pfand","inkl. MwSt., zzgl. 4.95 € Versandkosten.",2023-05-02 23:14:55.946531,Teegetränk Grüntee-Mango Fruchtsaftgehalt: 3%,,"Verantwortliches Lebensmittelunternehmen:
Teeküche GmbH, Brunnenstraße 1, 61184 Karben","Zutatenverzeichnis: Grüntee-Aufguss (Wasser, Grünteeblätter*), Zucker, Mangosaft**(3 %), Säuerungsmittel Citronensäure, natürliches Aroma. *aus kontrolliert biologischem Anbau **aus Fruchtsaftkonzentrat",65,15,0,0,"3,8","3,5",0,"0,03",https://www.edeka24.de/Lebensmittel/Getraenke/Eistee/Ti-Bio-Gruener-Tee-Mango-1L.html,https://www.edeka24.de/out/pictures/generated/product/1/540_540_90/ti_gramp252ner_teeampampmango_1l_dpg.jpg
514,Lebensmittel,Getränke,Eistee,Ti Bio Pfefferminze & Brombeere 1L,"1,69 €","1,69 €/l","zzgl. 0,25 € Pfand","inkl. MwSt., zzgl. 4.95 € Versandkosten.",2023-05-02 23:14:59.654941,Teegetränk Pfefferminz-Brombeere Fruchtgehalt: 3%,,"Verantwortliches Lebensmittelunternehmen:
Teeküche GmbH, Brunnenstraße 1, 61184 Karben","Zutatenverzeichnis: Pfefferminztee-Aufguss (Wasser, Pfefferminzblätter*), Zucker, Brombeersaft** (2,3 %), Holunderbeersaft**, Säuerungsmittel Citronensäure, natürliches Aroma. *aus kontrolliert biologischem Anbau **aus Fruchtsaftkonzentrat",65,15,0,0,"3,8","3,5",0,"0,03",https://www.edeka24.de/Lebensmittel/Getraenke/Eistee/Ti-Bio-Pfefferminze-Brombeere-1L.html,https://www.edeka24.de/out/pictures/generated/product/1/540_540_90/ti_pfefferminzeampampbrombeere_1l_dpg.jpg
515,Lebensmittel,Getränke,Instant-Getränke,Fraix Getränkepulver Typ Himbeere 100G,"0,89 €","8,90 €/kg","inkl. MwSt., zzgl. 4.95 € Versandkosten.",lieferbar innerhalb von 2-5 Werktagen,2023-05-02 23:15:04.013384,Instant-Getränkepulver zur Herstellung von Erfrischungsgetränken mit Himbeergeschmack und Vitamin C,Hinweis zur Aufbewahrung: Trocken und vor Wärme geschützt lagern.,"Verantwortliches Lebensmittelunternehmen:
TSI GmbH & Co.KG, Südring 26, 27404 Zeven","Zutatenverzeichnis: Zucker, Dextrose, Säuerungsmittel: Citronensäure, Rote Bete Pulver, Aroniaextrakt, Himbeerpulver (0,1%), Aroma, Trennmittel: E341, E551, Vitamin C. Kann Spuren von GLUTEN, SOJA und MILCH enthalten.",383,1630,0,0,"93,4","92,5",0,"0,03",https://www.edeka24.de/Lebensmittel/Getraenke/Instant-Getraenke/Fraix-Getraenkepulver-Typ-Himbeere-100G.html,https://www.edeka24.de/out/pictures/generated/product/1/540_540_90/fraix_getrpulver_himbeer_100g.jpg
516,Lebensmittel,Getränke,Instant-Getränke,Fraix Getränkepulver Typ Orange 100G,"0,89 €","8,90 €/kg","inkl. MwSt., zzgl. 4.95 € Versandkosten.",lieferbar innerhalb von 2-5 Werktagen,2023-05-02 23:15:08.219763,Instant Getränkepulver zur Herstellung von Erfrischungsgetränken mit Orangengeschmack und Vitamin C.,Hinweis zur Aufbewahrung: Trocken und vor Wärme geschützt lagern.,"Verantwortliches Lebensmittelunternehmen:
TSI GmbH & Co. KG, Südring 26, D-27404 Zeven","Zutatenverzeichnis: Zucker, Dextrose, Säuerungsmittel: Citronensäure; Aroma, Farbstoff: Beta-Carotin, Aronia-Extrakt, Vitamin C, Orangenfruchtpulver (0,15 %), Glukosesirup, ganz gehärtetes pflanzliches Fett (Kokos), modifizierte Stärke. Kann Spuren von GLUTEN, SOJA und MILCH enthalten.",1641,386,"0,1","0,1",92,91,"0,1","0,3",https://www.edeka24.de/Lebensmittel/Getraenke/Instant-Getraenke/Fraix-Getraenkepulver-Typ-Orange-100G.html,https://www.edeka24.de/out/pictures/generated/product/1/540_540_90/fraix_getramp228nkepulver_typ_orange_100g.jpg
517,Lebensmittel,Getränke,Instant-Getränke,Fraix Getränkepulver Typ Zitrone 100G,"0,89 €","8,90 €/kg","inkl. MwSt., zzgl. 4.95 € Versandkosten.",lieferbar innerhalb von 2-5 Werktagen,2023-05-02 23:15:13.130293,Instant - Getränkepulver zur Herstellung von Erfrischungsgetränken mit Zitronengeschmack und Vitamin C.,Hinweis zur Aufbewahrung: Trocken und vor Wärme geschützt lagern.,"Verantwortliches Lebensmittelunternehmen:
TSI GmbH & Co. KG, Südring 26, D-27404 Zeven","Zutatenverzeichnis: Zutaten: Zucker, Säuerungsmittel: Citronensäure; Aroma, Zitronenfruchtpulver (0,15%), Vitamin C, Glukosesirup, vollständig gehärtetes pflanzliches Fett (Kokos), Farbstoff: Riboflavin; Trennmittel: E341; modifizierte Stärke. Kann Spuren von GLUTEN, SOJA und MILCH enthalten.",1658,390,"0,1",0,92,"91,8","0,1","0,03",https://www.edeka24.de/Lebensmittel/Getraenke/Instant-Getraenke/Fraix-Getraenkepulver-Typ-Zitrone-100G.html,https://www.edeka24.de/out/pictures/generated/product/1/540_540_90/fraix_getrnkepulver_typ_zitrone_100g.jpg
518,Lebensmittel,Getränke,Limonade,"Coca-Cola 4x 0,33L","2,39 €","1,81 €/l","zzgl. 1,00 € Pfand","inkl. MwSt., zzgl. 4.95 € Versandkosten.",2023-05-02 23:15:17.531792,Koffeinhaltiges Erfrischungsgetränk mit Pflanzenextrakten,,"Verantwortliches Lebensmittelunternehmen:
Coca-Cola European Partners Deutschland GmbH, Postfach 67 01 56, 10207 Berlin","Zutatenverzeichnis: Wasser, Zucker, Kohlensäure, Farbstoff E 150d, Säuerungsmittel Phosphorsäure, natürliches Aroma, Aroma Koffein.",180,42,0,0,"10,6","10,6",0,0,https://www.edeka24.de/Lebensmittel/Getraenke/Limonade/Coca-Cola-4x-0-33L.html,https://www.edeka24.de/out/pictures/generated/product/1/540_540_90/cocacola_4x033l_dpg.jpg
520,Lebensmittel,Getränke,Limonade,"Balis Tiki Ananas Minze Drink 0,25L MHD 09.2023","0,69 €","2,76 €/l","zzgl. 0,25 € Pfand","inkl. MwSt., zzgl. 4.95 € Versandkosten.",2023-05-02 23:15:25.781331,Erfrischungsgetränk Ananas mit Minze-Kokos-Geschmack,,"Verantwortliches Lebensmittelunternehmen:
Balis GmbH, Holzstraße 17, 80469 München","Zutatenverzeichnis: Wasser, natürliche Fruchtsüße, Ananassaft aus Ananassaftkonzentrat (3,6%), Limettensaft aus Limettensaftkonzentrat (1,5%), Zitronensaft aus Zitronensaftkonzentrat (1,0%), Orangensaft aus Orangensaftkonzentrat (0,9%), Kohlensäure, Kokosnusswasser aus Kokosnusswasserkonzentrat (0,2%), Säuerungsmittel Citronensäure, Karottensaftkonzentrat, natürliches Aroma, konzentrierter Zitronenextrakt, Antioxidationsmittel Ascorbinsäure, Stabilisator Johannisbrotkernmehl.",148,35,0,0,"8,4","7,4",0,0,https://www.edeka24.de/Lebensmittel/Getraenke/Limonade/Balis-Tiki-Ananas-Minze-Drink-0-25L-MHD-09-2023.html,https://www.edeka24.de/out/pictures/generated/product/1/540_540_90/balistiki.jpg
521,Lebensmittel,Getränke,Limonade,"Balis Cosmo Cranberry Rosmarin 0,25L MHD 09.2023","0,69 €","2,76 €/l","zzgl. 0,25 € Pfand","inkl. MwSt., zzgl. 4.95 € Versandkosten.",2023-05-02 23:15:29.364839,Erfrischungsgetränk Cranberry mit Rosmaringeschmack,,"Verantwortliches Lebensmittelunternehmen:
Balis GmbH, Holzstraße 17, 80469 München","Zutatenverzeichnis: Wasser, natürliche Fruchtsüße, Cranberrysaft aus Cranberrysaftkonzentrat (6,0%), Kohlensäure, Säuerungsmittel Citronensäure E 330, Rosmarin-Extrakt, natürliches Aroma","33,4",141,0,0,"8,1","7,1",0,0,https://www.edeka24.de/Lebensmittel/Getraenke/Limonade/Balis-Cosmo-Cranberry-Rosmarin-0-25L-MHD-09-2023.html,https://www.edeka24.de/out/pictures/generated/product/1/540_540_90/baliscosmo.jpg
522,Lebensmittel,Getränke,Limonade,"Coca-Cola 4X 0,5L PET","4,99 €","2,50 €/l","zzgl. 1,00 € Pfand","inkl. MwSt., zzgl. 4.95 € Versandkosten.",2023-05-02 23:15:32.077293,koffeinhaltiges Erfrischungsgetränk mit Pflanzenextrakten,,"Verantwortliches Lebensmittelunternehmen:
Coca-Cola European Partners Deutschland GmbH, Postfach 67 01 56, 10207 Berlin","Zutatenverzeichnis: Wasser, Zucker, Kohlensäure, Farbstoff E 150d, Säuerungsmittel Phosphorsäure, natürliches Aroma, Aroma Koffein.",180,42,0,0,"10,6","10,6",0,0,https://www.edeka24.de/Lebensmittel/Getraenke/Limonade/Coca-Cola-4X-0-5L-PET.html,https://www.edeka24.de/out/pictures/generated/product/1/540_540_90/cocac4x05.jpg
523,Lebensmittel,Getränke,Limonade,"Fanta Orange 4x 0,5L PET","3,79 €","1,90 €/l","zzgl. 1,00 € Pfand","inkl. MwSt., zzgl. 4.95 € Versandkosten.",2023-05-02 23:15:34.854319,Erfrischungsgetränk mit Orangengeschmack,,"Verantwortliches Lebensmittelunternehmen:
Coca-Cola Erfrischungsgetränke AG, Postfach 67 01 56, 10207 Berlin","Zutatenverzeichnis: Wasser, Zucker, Orangensaft aus Orangensaftkonzentrat, Kohlensäure, Säuerungsmittel Citronensäure, Citrusextrakt, natürliches Orangenaroma mit anderen natürlichen Aromen, Antioxidationsmittel Ascorbinsäure, Farbstoff Carotin, Stabilisatoren (E 412, E 414 und E 445)",38,160,0,0,"9,2","9,1",0,"0,01",https://www.edeka24.de/Lebensmittel/Getraenke/Limonade/Fanta-Orange-4x-0-5L-PET.html,https://www.edeka24.de/out/pictures/generated/product/1/540_540_90/fantao4x05.jpg
524,Lebensmittel,Getränke,Limonade,"Coca-Cola Zero 4x 0,33L","2,39 €","1,81 €/l","zzgl. 1,00 € Pfand","inkl. MwSt., zzgl. 4.95 € Versandkosten.",2023-05-02 23:15:37.572169,-,,"Verantwortliches Lebensmittelunternehmen:
Coca-Cola European Partners DE, D-10207 Berlin","Zutatenverzeichnis: Wasser, Kohlensäure, Farbstoff E 150d, Säuerungsmittel Phosphorsäure, Süßungsmittel (Natriumcyclamat, Acesulfam K, Aspartam), natürliches Aroma, Säureregulator Natriumcitrate, Aroma Koffein. Enthält eine Phenylalaninquelle.","0,9","0,2",0,0,0,0,0,"0,02",https://www.edeka24.de/Lebensmittel/Getraenke/Limonade/Coca-Cola-Zero-4x-0-33L.html,https://www.edeka24.de/out/pictures/generated/product/1/540_540_90/cocacola_zero_4x033l_dpg.jpg
525,Lebensmittel,Getränke,Limonade,"Crodino Aperitivo Non Alcolico 8ST 0,784L","7,99 €","10,19 €/l","inkl. MwSt., zzgl. 4.95 € Versandkosten.",lieferbar innerhalb von 2-5 Werktagen,2023-05-02 23:15:40.719245,Alkoholfreier Bitteraperitif mit Kohlensäure,,"Verantwortliches Lebensmittelunternehmen:
Campari Deutschland GmbH, Adelgundenstr. 7, 80538 München","Zutatenverzeichnis: Wasser, Zucker, Extrakt aus Kräutern und Aromen (chininhaltig), Kohlendioxyd, Säuerungsmittel Citronensäure, Salz, Farbstoff E150b und E110",255,61,0,0,15,15,0,"0,01",https://www.edeka24.de/Lebensmittel/Getraenke/Limonade/Crodino-Aperitivo-Non-Alcolico-8ST-0-784L.html,https://www.edeka24.de/out/pictures/generated/product/1/540_540_90/crodino_alkfrbitter_8x98cl.jpg
526,Lebensmittel,Getränke,Limonade,"Coca-Cola Zero 4x 0,5L PET","3,49 €","1,75 €/l","zzgl. 1,00 € Pfand","inkl. MwSt., zzgl. 4.95 € Versandkosten.",2023-05-02 23:15:44.558091,"kalorienfreies, koffeinhaltiges Erfrischungsgetränk mit Pflanzenextrakten, mit Süßungsmitteln",,"Verantwortliches Lebensmittelunternehmen:
Coca-Cola European Partners Deutschland GmbH, Postfach 67 01 56, 10207 Berlin","Zutatenverzeichnis: Wasser, Kohlensäure, Farbstoff E 150d, Säuerungsmittel Phosphorsäure, Süßungsmittel (Natriumcyclamat, Acesulfam K, Aspartam), Aroma, Säureregulator Natriumcitrate, Aroma Koffein. Enthält eine Phenylalaninquelle.","0,9","0,2",0,0,"0,2","0,8","0,6","0,02",https://www.edeka24.de/Lebensmittel/Getraenke/Limonade/Coca-Cola-Zero-4x-0-5L-PET.html,https://www.edeka24.de/out/pictures/generated/product/1/540_540_90/cocaczero4x05.jpg
527,Lebensmittel,Getränke,Limonade,"Sprite 4x 0,5L","3,79 €","1,90 €/l","zzgl. 1,00 € Pfand","inkl. MwSt., zzgl. 4.95 € Versandkosten.",2023-05-02 23:15:47.471221,Erfrischungsgetränk mit Zitronen- und Limettengeschmack,,"Verantwortliches Lebensmittelunternehmen:
Coca-Cola Erfrischungsgetränke AG, Postfach 67 01 56, 10207 Berlin","Zutatenverzeichnis: Wasser, Zucker, Kohlensäure, Säuerungsmittel Citronensäure, natürliches Zitronen- und Limettenaroma, Säureregulator Natriumcitrate.",159,37,0,0,"9,1","9,1",0,"0,02",https://www.edeka24.de/Lebensmittel/Getraenke/Limonade/Sprite-4x-0-5L.html,https://www.edeka24.de/out/pictures/generated/product/1/540_540_90/sprite4x05.jpg
528,Lebensmittel,Getränke,Limonade,"Capri-Sun Multivitamin 10x 0,2L","4,49 €","2,25 €/l","inkl. MwSt., zzgl. 4.95 € Versandkosten.",lieferbar innerhalb von 2-5 Werktagen,2023-05-02 23:15:50.677796,Mehrfruchtsaftgetränk,,"Verantwortliches Lebensmittelunternehmen:
Dt. SiSi Werke Betriebs GmbH, Rudolf-Wild-Str. 107-115, D-69214 Eppelheim/Heidelberg","Zutatenverzeichnis: Quellwasser, Mehrfruchtsaft* 12% (Zitronensaft*, Orangensaft*, Apfelsaft*, Grapefruitsaft*, Ananassaft*, Bananensaft*, Kiwisaft*, Maracujasaft*, Limettensaft*) Zucker, Vitaminmischung: Vitamin C, Niacin, Vitamin B6, Vitamin B1, Biotin, Vitamin B12",167,39,"0,5","0,1","9,4","9,4","0,5","0,0",https://www.edeka24.de/Lebensmittel/Getraenke/Limonade/Capri-Sun-Multivitamin-10x-0-2L.html,https://www.edeka24.de/out/pictures/generated/product/1/540_540_90/caprismultivitamin.png
529,Lebensmittel,Getränke,Limonade,Sanbitter Aperitif 6x 98ML,"3,49 €","5,94 €/l","inkl. MwSt., zzgl. 4.95 € Versandkosten.",lieferbar innerhalb von 2-5 Werktagen,2023-05-02 23:15:53.483938,Erfrischungsgetränk Zitrus Kräutergeschmack.,,"Verantwortliches Lebensmittelunternehmen:
San Pelegrino S.p.A, IT-24016 Ruspino","Zutatenverzeichnis: Wasser, Zucker, Glukose-Fruktose-Sirup, Köhlensäure, Aromen, Schwarzkarottensaftkonzentrat, Säuerungsmittel: Zitronensäure, Farbstoff E-120",266,63,0,0,"15,1","15,1",0,0,https://www.edeka24.de/Lebensmittel/Getraenke/Limonade/Sanbitter-Aperitif-6x-98ML.html,https://www.edeka24.de/out/pictures/generated/product/1/540_540_90/sanbitter_98cl_ew.jpg
530,Lebensmittel,Getränke,Limonade,"Paulaner Spezi 0,33L","0,79 €","2,39 €/l","zzgl. 0,25 € Pfand","inkl. MwSt., zzgl. 4.95 € Versandkosten.",2023-05-02 23:15:56.584461,Coffeinhaltige Orangenlimonade mit Cola,,"Verantwortliches Lebensmittelunternehmen:
Paulaner Brauerei Gruppe GmbH & Co. KGaA, Ohlmüllerstr. 42, 81541München","Zutatenverzeichnis: Wasser, Zucker, Orangensaft aus Orangensaftkonzentrat (2,2%), Zitronensaft aus Zitronensaftkonzentrat (0,8%), Kohlensäure, Orangenextrakt, Fabstoff E 150d, Säuerungsmittel Phosphorsäure und Zitronensäure, Säureregulator Natriumcitrat, natürliches Aroma, Aroma Koffein, Antioxidationsmittel Ascorbinsäure, Stabilisator Johannisbrotkernmehl.",158,"37,3",0,0,"9,2","9,2",0,"0,04",https://www.edeka24.de/Lebensmittel/Getraenke/Limonade/Paulaner-Spezi-0-33L.html,https://www.edeka24.de/out/pictures/generated/product/1/540_540_90/paulaner_spezi_033l_dpg.jpg
531,Lebensmittel,Getränke,Limonade,Schweppes Dry Tonic Water 1l,"1,99 €","1,99 €/l","zzgl. 0,15 € Pfand","inkl. MwSt., zzgl. 4.95 € Versandkosten.",2023-05-02 23:16:00.033613,"Erfrischungsgetränk mit Citrusgeschmack, chininhaltig.",,"Verantwortliches Lebensmittelunternehmen:
Schweppes Deutschland GmbH, Hagener Str. 261, 57223 Kreuztal","Zutatenverzeichnis: Wasser, Zucker, Kohlensäure, Säurungsmittel Citronensäure, natürliches Aroma, Aroma Chinin.",135,32,0,0,"7,5","7,5",0,0,https://www.edeka24.de/Lebensmittel/Getraenke/Limonade/Schweppes-Dry-Tonic-Water-1l.html,https://www.edeka24.de/out/pictures/generated/product/1/540_540_90/schweppes_dry_tonic_water_1l_mw_pet.jpg
532,Lebensmittel,Getränke,Limonade,"Capri-Sun Elfentrank 10x 0,2L","4,49 €","2,25 €/l","inkl. MwSt., zzgl. 4.95 € Versandkosten.",lieferbar innerhalb von 2-5 Werktagen,2023-05-02 23:16:03.591022,Mehrfruchtsaftgetränk,"Hinweis zur Aufbewahrung: Luftfeuchtigkeit : 35 # 65 %, Temperatur : Raumtemperatur","Verantwortliches Lebensmittelunternehmen:
Deutsche SiSi-Werke Betriebs GmbH, D-69009 Heidelberg","Zutatenverzeichnis: Quellwasser, Mehrfruchtsaft* 10% (Zitronensaft*, Apfelsaft*, Bananensaft*, Erdbeersaft*, Limettensaft*, schwarzes Karottensaftkonzentrat), Zucker, Vitamin C, natürliches Aroma. (*aus Fruchtsaftkonzentrat).",36,152,"0,5","0,5","8,7","8,6","0,5","0,01",https://www.edeka24.de/Lebensmittel/Getraenke/Limonade/Capri-Sun-Elfentrank-10x-0-2L.html,https://www.edeka24.de/out/pictures/generated/product/1/540_540_90/capriselfentrank.png
533,Lebensmittel,Getränke,Limonade,Red Bull Bio Organics Viva Mate 250ML,"1,29 €","5,16 €/l","zzgl. 0,25 € Pfand","inkl. MwSt., zzgl. 4.95 € Versandkosten.",2023-05-02 23:16:06.269385,Bio-Erfrischungsgetränk mit natürlichen Aromen aus Pflanzenextrakten. Koffein- und kohlensäurehaltig.,,"Verantwortliches Lebensmittelunternehmen:
Red Bull GmbH, Am Brunnen 1, 5330 Fuschl am See","Zutatenverzeichnis: Wasser, Zucker*, Zitronensaftkonzentrat*, natürlicher Mate-Extrakt (0,33%), natürliche Aromen aus Pflanzenextrakten (0,05%; Zitrone, Koffein aus Kaffeebohnen*, Johannisbrot, Vanille), Karamellzuckersirup*. *aus biologischer Landwirtschaft. Pasteurisiert.",122,29,0,0,"6,8","6,8",0,0,https://www.edeka24.de/Lebensmittel/Getraenke/Limonade/Red-Bull-Bio-Organics-Viva-Mate-250ML.html,https://www.edeka24.de/out/pictures/generated/product/1/540_540_90/bio_red_bull_viva_mate_025l_dpg.jpg
534,Lebensmittel,Getränke,Limonade,"Capri-Sun Kirsch 10x 0,2L","4,49 €","2,25 €/l","inkl. MwSt., zzgl. 4.95 € Versandkosten.",lieferbar innerhalb von 2-5 Werktagen,2023-05-02 23:16:10.525467,Fruchtsaftgetränk Kirsche mit Zitrone mit 10% Fruchtgehalt,,"Verantwortliches Lebensmittelunternehmen:
Dt. SiSi Werke Betriebs GmbH, Rudolf-Wild-Str. 107-115, 69214 Eppelheim/Heidelberg","Zutatenverzeichnis: Quellwasser, Zucker, Sauerkirschsaft* (5,9%), Zitronensaft* (4%), Limettensaft* (0,1%), natürliches Aroma, Antioxidationsmittel Ascorbinsäure, natürliches Aroma (*aus Fruchtsaftkonzentrat)",34,144,"0,5","0,1","8,2","8,2","0,5","0,01",https://www.edeka24.de/Lebensmittel/Getraenke/Limonade/Capri-Sun-Kirsch-10x-0-2L.html,https://www.edeka24.de/out/pictures/generated/product/1/540_540_90/capriskirsch.png
535,Lebensmittel,Getränke,Limonade,"Capri-Sun Orange 10x 0,2L","4,49 €","2,25 €/l","inkl. MwSt., zzgl. 4.95 € Versandkosten.",lieferbar innerhalb von 2-5 Werktagen,2023-05-02 23:16:16.200972,Fruchtsaftgetränk Orange mit 12% Fruchtsaftgehalt,,"Verantwortliches Lebensmittelunternehmen:
Dt. SiSi Werke Betriebs GmbH, Rudolf-Wild-Str. 107-115, D-69214 Eppelheim/Heidelberg","Zutatenverzeichnis: Quellwasser, Zucker, Orangensaft* (7%), Zitronensaft*, Limettensaft*, natürliches Orangenaroma, Vitamin C. (*aus Fruchtsaftkonzentrat)",176,41,"0,5","0,1",10,10,"0,5",g,https://www.edeka24.de/Lebensmittel/Getraenke/Limonade/Capri-Sun-Orange-10x-0-2L.html,https://www.edeka24.de/out/pictures/generated/product/1/540_540_90/caprisorange.png
536,Lebensmittel,Getränke,Limonade,Capri-Sun Monster Alarm 10x200ml,"4,49 €","2,25 €/l","inkl. MwSt., zzgl. 4.95 € Versandkosten.",lieferbar innerhalb von 2-5 Werktagen,2023-05-02 23:16:20.307987,Mehrfrucht-Erfrischungsgetränk mit 10% Fruchtgehalt,,"Verantwortliches Lebensmittelunternehmen:
Deutsche SiSi-Werke Betriebs GmbH, D-69009 Heidelberg","Zutatenverzeichnis: Wasser, Zucker, Zitronensaft* (3,2%), Apfelsaft* (3,2%),Schwarzer Johannisbeersaft* (2,1%), Sauerkirschsaft* (1%), Erdbeersaft* (0,4%), Limettensaft* (0,1%), natürliches Aroma, Antioxidationsmittel Ascorbinsäure (*aus Fruchtsaftkonzentrat).",153,36,"0,5","0,1","8,7","8,7","0,5","0,01",https://www.edeka24.de/Lebensmittel/Getraenke/Limonade/Capri-Sun-Monster-Alarm-10x200ml.html,https://www.edeka24.de/out/pictures/generated/product/1/540_540_90/caprismonsteralarm.png
537,Lebensmittel,Getränke,Limonade,"Fanta Ananas 0,33L","1,69 €","5,12 €/l","zzgl. 0,25 € Pfand","inkl. MwSt., zzgl. 4.95 € Versandkosten.",2023-05-02 23:16:22.782980,-,,"Verantwortliches Lebensmittelunternehmen:
Coca-Cola European Partners DE, D-10207 Berlin","Zutatenverzeichnis: Wasser, Kohlensäure, 7% Ananassaft aus Fruchtkonzentrat, Säuerungsmittel: E330, E296, Säureregulator: E576, Modifizierte Stärke, Süßungsmittel: E950, E955, Konservierungsstoff: E202, natürliche Aromen, Stabilisator: E444, E445, Antioxidationsmittel: E300, Farbstoff E161",20,5,0,0,"0,9","0,9",0,"0,01",https://www.edeka24.de/Lebensmittel/Getraenke/Limonade/Fanta-Ananas-0-33L.html,https://www.edeka24.de/out/pictures/generated/product/1/540_540_90/2403449.jpg
538,Lebensmittel,Getränke,Limonade,"Sugar Mami Cherry Lollipop 0,33L","1,29 €","3,91 €/l","zzgl. 0,25 € Pfand","inkl. MwSt., zzgl. 4.95 € Versandkosten.",2023-05-02 23:16:26.042101,Erfrischungsgetränk mit Kirschgeschmack,,"Verantwortliches Lebensmittelunternehmen:
Star Concept GmbH & Co. KG, Bleckeder Landstraße 37, 21337 Lüneburg","Zutatenverzeichnis: Wasser, Zucker, Kohlensäure, Säuerungsmittel Citronensäure, Aroma, Säureregulator Trinatriumcitrat, Farbstoffe E 122 und E 129. E 122 und E129: Kann Aktivität und Aufmerksamkeit bei Kindern beeinträchtigen.",158,38,0,0,9,9,0,"0,02",https://www.edeka24.de/Lebensmittel/Getraenke/Limonade/Sugar-Mami-Cherry-Lollipop-0-33L.html,https://www.edeka24.de/out/pictures/generated/product/1/540_540_90/sugar_mami_cherry_lollipop_033l_dpg.jpg
539,Lebensmittel,Getränke,Limonade,"Fanta Strawberry & Kiwi 0,33L","1,69 €","5,12 €/l","zzgl. 0,25 € Pfand","inkl. MwSt., zzgl. 4.95 € Versandkosten.",2023-05-02 23:16:29.291733,Erfrischungsgetränk mit Erdbeer- und Kiwi-Geschmack,,"Verantwortliches Lebensmittelunternehmen:
The Link, Gottlob-Grotz-Str. 1, 74321 Bietigheim-Bissingen","Zutatenverzeichnis: Wasser, Zucker, (3%)Zitronensaft aus Zitronensaftkonzentrat, Kohlensäure, natürliches Kiwiaroma mit anderen natürlichen Aromen, färbende Pflanzenkonzentrate (Karotte, Saflor)Johannisbeerenextrakt, Karottenextrakt, Aronia-Säuerungsmittel: Citronensäure, Stabilisator: E414, E445.",177,42,0,0,"10,2","10,2",0,0,https://www.edeka24.de/Lebensmittel/Getraenke/Limonade/Fanta-Strawberry-Kiwi-0-33L.html,https://www.edeka24.de/out/pictures/generated/product/1/540_540_90/fantastrawberrykiwi.jpg
540,Lebensmittel,Getränke,Limonade,Red Bull Bio Organics Black Orange 250ML,"1,29 €","5,16 €/l","zzgl. 0,25 € Pfand","inkl. MwSt., zzgl. 4.95 € Versandkosten.",2023-05-02 23:16:32.414772,-,,"Verantwortliches Lebensmittelunternehmen:
Red Bull GmbH, AU-5330 Fuschl am See","Zutatenverzeichnis: Wasser, Zucker*, Kohlensäure, Orangensaftkonzentrat*, Zitronensaftkonzentrat*, natürliches Orangen-, Bitter Orangen- und Quassiaaroma, Karamellzuckersirup*, Karottensaftkonzentrat*. *aus biologischer Landwirtschaft",166,39,0,0,"9,3","9,2",0,0,https://www.edeka24.de/Lebensmittel/Getraenke/Limonade/Red-Bull-Bio-Organics-Black-Orange-250ML.html,https://www.edeka24.de/out/pictures/generated/product/1/540_540_90/bio_red_bull_black_orange_025l_dpg.jpg
541,Lebensmittel,Getränke,Limonade,"Capri-Sun Safari Fruits 10x 0,2L","4,49 €","2,25 €/l","inkl. MwSt., zzgl. 4.95 € Versandkosten.",lieferbar innerhalb von 2-5 Werktagen,2023-05-02 23:16:35.929040,Mehrfruchtsaftgetränk mit 12% Fruchtgehalt,,"Verantwortliches Lebensmittelunternehmen:
Dt. SiSi Werke Betriebs GmbH, Rudolf-Wild-Str. 107-115, 69214 Eppelheim/Heidelberg","Zutatenverzeichnis: Wasser, Zucker, Zitronensaft* (4,3%), Ananassaft* (3,2%) Orangensaft* (2,9%), Mandarinensaft* (1,5%), Limettensaft* (0,1%), natürliches Aroma, Antioxidationsmittel Ascorbinsäure. (*aus Fruchtsaftkonzentrat).",165,39,"0,5","0,1","9,4","9,4","0,5","0,01",https://www.edeka24.de/Lebensmittel/Getraenke/Limonade/Capri-Sun-Safari-Fruits-10x-0-2L.html,https://www.edeka24.de/out/pictures/generated/product/1/540_540_90/caprissafarifruits.png
542,Lebensmittel,Getränke,Limonade,Red Bull Bio Organics Easy Lemon 250ML,"1,29 €","5,16 €/l","zzgl. 0,25 € Pfand","inkl. MwSt., zzgl. 4.95 € Versandkosten.",2023-05-02 23:16:38.485511,Bio Erfrischungsgetränk mit natürlichen Aromen aus Pflanzenextrakten. Kohlesäurehaltig.,,"Verantwortliches Lebensmittelunternehmen:
Red Bull GmbH, Am Brunnen 1, 5330 Fuschl am See","Zutatenverzeichnis: Wasser, Zucker*, Zitronensaftkonzentrat*, Kohlensäure, natürliches Zitrus- ,Orangen- und Zitronenaroma, Konzentrat aus pasteurisiertem Acerolasaft. *aus biologischer Landwirtschaft. Pasteurisiert.",162,38,0,0,9,9,0,0,https://www.edeka24.de/Lebensmittel/Getraenke/Limonade/Red-Bull-Bio-Organics-Easy-Lemon-250ML.html,https://www.edeka24.de/out/pictures/generated/product/1/540_540_90/rbeasylemon.jpg
543,Lebensmittel,Getränke,Limonade,"Capri-Sun & Bubbles Lemon 0,33L","0,99 €","3,00 €/l","zzgl. 0,25 € Pfand","inkl. MwSt., zzgl. 4.95 € Versandkosten.",2023-05-02 23:16:41.522266,Kohlensäurehaltiges Fruchtsaftgetränk Zitrone,,"Verantwortliches Lebensmittelunternehmen:
Capri Sun Vertriebs GmbH, Rudolf-Wild-Str. 86-98, 69214 Eppelheim/Heidelberg","Zutatenverzeichnis: Wasser, Zitronensaft aus Zitronensaftkonzentrat (7%), Zucker, Apfelsaft aus Apfelsaftkonzentrat (3%), Kohlensäure, Säuerungsmittel Citronensäure, Vitamin C, natürliches Zitronenaroma, Stabilisator Johannisbrotkernmehl.",133,31,"0,1","0,1","7,9","7,4","0,5","0,01",https://www.edeka24.de/Lebensmittel/Getraenke/Limonade/Capri-Sun-Bubbles-Lemon-0-33L.html,https://www.edeka24.de/out/pictures/generated/product/1/540_540_90/capri_sun_bubbles_lemon_033l_dpg.jpg
544,Lebensmittel,Getränke,Limonade,Uludag Gazoz 330ML,"1,09 €","3,30 €/l","zzgl. 0,25 € Pfand","inkl. MwSt., zzgl. 4.95 € Versandkosten.",2023-05-02 23:16:45.153629,Erfrischischungsgetränk mit Fruchtgeschmack,,"Verantwortliches Lebensmittelunternehmen:
BAK Kardesler GmbH, Wattstr. 2-10, 68199 Mannheim","Zutatenverzeichnis: Wasser, Zucker, Kohlensäure, Säuerungsmittel: Citronensäure, Konservierungsstoffe (Natriumbenzoat, Kaliumsorbat), Aromen.",155,36,0,0,"9,1","8,5",0,"0,03",https://www.edeka24.de/Lebensmittel/Getraenke/Limonade/Uludag-Gazoz-330ML.html,https://www.edeka24.de/out/pictures/generated/product/1/540_540_90/uludag_gazoz.jpg
545,Lebensmittel,Getränke,Limonade,"Fanta Mango Dragonfruit 0,33L","1,79 €","5,42 €/l","zzgl. 0,25 € Pfand","inkl. MwSt., zzgl. 4.95 € Versandkosten.",2023-05-02 23:16:48.207050,"Erfrischungsgetränk mit Mango-Drachenfruchtgeschmack, mit Zucker und Süßungsmitteln",,"Verantwortliches Lebensmittelunternehmen:
The Link, Gottlob-Grotz-Str. 1, 74321 Bietigheim-Bissingen","Zutatenverzeichnis: Wasser, Kohlensäure, Zucker, Fruchtsaft aus Konzentrat (Orange 2,7%, Mango 0,1%, Zitrone 0,1%); Säuerungsmittel: E330, E296, Drachenfruchtpüree 0,1%, natürliche Aromen, Farbstoffe: E160a, Antioxidationsmittel: E300, Konservierungsstoffe: E202, Süßungsmittel: E960, Stabilisatoren: E412",110,26,0,0,"6,1","6,1",0,0,https://www.edeka24.de/Lebensmittel/Getraenke/Limonade/Fanta-Mango-Dragonfruit-0-33L.html,https://www.edeka24.de/out/pictures/generated/product/1/540_540_90/2400160.jpg
546,Lebensmittel,Getränke,Limonade,Red Bull Bio Organics Simply Cola 250ML,"1,29 €","5,16 €/l","zzgl. 0,25 € Pfand","inkl. MwSt., zzgl. 4.95 € Versandkosten.",2023-05-02 23:16:51.033654,Bio-Erfrischungsgetränk mit Pflanzenextrakten und natürlichem Koffein. Kohlensäurehaltig.,,"Verantwortliches Lebensmittelunternehmen:
Red Bull GmbH, 5330 Fuschl am See, Österreich","Zutatenverzeichnis: Wasser, Zucker*, Karamellzuckersirup*, Kohlensäure, natürliche Aromen aus Planzenextrakten (0,33%: Koffein aus Kaffebohnen* (0,013%)Zitrone, Ingwer, Limette, Vanille, Süßholz, Galgant, Zimt, Kolanuss, Kakao, Orange, Cocablatt, Kardamom, Minze, Pinie, Muskatblüte, Nelke), Zitronensaftkonzentrat*. *aus biologischer Landwirtschaft. Pasteurisiert.",160,38,0,0,"9,2","8,8",0,0,https://www.edeka24.de/Lebensmittel/Getraenke/Limonade/Red-Bull-Bio-Organics-Simply-Cola-250ML.html,https://www.edeka24.de/out/pictures/generated/product/1/540_540_90/red_bull_bio_organics_simply_cola_025l.jpg
547,Lebensmittel,Getränke,Limonade,"Capri-Sun & Bubbles Orange 0,33L","0,99 €","3,00 €/l","zzgl. 0,25 € Pfand","inkl. MwSt., zzgl. 4.95 € Versandkosten.",2023-05-02 23:16:55.263411,Kohlensäurehaltiges Fruchtsaftgetränk Orange.,,"Verantwortliches Lebensmittelunternehmen:
Capri Sun Vertriebs GmbH, Rudolf-Wild-Str. 86-98, 69214 Eppelheim/Heidelberg","Zutatenverzeichnis: Wasser, Orangensaft aus Orangensaftkonzentrat (10%), Zucker, Kohlensäure, Säuerungsmittel Citronensäure, natürliches Orangenaroma mit anderen natürlichen Aromen, Stabilisator Johannisbrotkernmehl.",141,33,"0,5","0,1","7,9","7,9","0,5","0,01",https://www.edeka24.de/Lebensmittel/Getraenke/Limonade/Capri-Sun-Bubbles-Orange-0-33L.html,https://www.edeka24.de/out/pictures/generated/product/1/540_540_90/capribubborange.jpg
548,Lebensmittel,Getränke,Limonade,"Sugar Mami Kaktusfeige 0,33L","1,29 €","3,91 €/l","zzgl. 0,25 € Pfand","inkl. MwSt., zzgl. 4.95 € Versandkosten.",2023-05-02 23:16:59.082916,Erfrischungsgetränk mit Kaktusfeigengeschmack.,,"Verantwortliches Lebensmittelunternehmen:
Star Concept GmbH & Co. KG, Bleckeder Landstr. 37, 21337 Lüneburg","Zutatenverzeichnis: Wasser, Zucker, Kohlensäure, Säuerungsmittel Citronensäure, Aroma, Säureregulator Trinatriumcitrat, Farbstoffe E 102 und E 133.",157,37,0,0,9,9,0,"0,02",https://www.edeka24.de/Lebensmittel/Getraenke/Limonade/Sugar-Mami-Kaktusfeige-0-33L.html,https://www.edeka24.de/out/pictures/generated/product/1/540_540_90/sugar_mami_cactus_fruit_033l_dpg.jpg
549,Lebensmittel,Getränke,Limonade,"Capri-Sun & Bubbles Himbeere 0,33L","0,99 €","3,00 €/l","zzgl. 0,25 € Pfand","inkl. MwSt., zzgl. 4.95 € Versandkosten.",2023-05-02 23:17:03.469055,Kohlensäurehaltiges Mehrfrucht-Erfrischungsgetränk mit Himbeergeschmack.,,"Verantwortliches Lebensmittelunternehmen:
Capri Sun Vertriebs GmbH, Rudolf-Wild-Str. 86-98, 69214 Eppelheim/Heidelberg","Zutatenverzeichnis: Wasser, Zucker, Apfelsaft* (5%), Limettensaft* (3%), Orangensaft* (1,5%), Himbeersaft* (0,5%), Kohlensäure, natürliches Aroma, schwarzes Karottensaftkonzentrat, Säuerungsmittel Citronensäure, Stabilisator Johannisbrotkernmehl. (*aus Fruchtsaftkonzentrat)",140,33,"0,5","0,1","7,8","7,8","0,5","0,01",https://www.edeka24.de/Lebensmittel/Getraenke/Limonade/Capri-Sun-Bubbles-Himbeere-0-33L.html,https://www.edeka24.de/out/pictures/generated/product/1/540_540_90/capri_sun_bubbles_himbeere_033l_dpg.jpg
550,Lebensmittel,Getränke,Limonade,"Sugar Mami Granatapfel Erdbeere 0,33L","1,29 €","3,91 €/l","zzgl. 0,25 € Pfand","inkl. MwSt., zzgl. 4.95 € Versandkosten.",2023-05-02 23:17:07.724169,Erfrischischungsgetränk mit Granatapfel- und Erdbeergeschmack,,"Verantwortliches Lebensmittelunternehmen:
Star Concept GmbH & Co. KG, Bleckeder Landstraße 37, 21337 Lüneburg","Zutatenverzeichnis: Wasser, Zucker, Kohlensäure, Säuerungsmittel Citronensäure, natürliches Aroma, Säureregulator Trinatriumcitrat, Farbstoffe E 122 und E 133. E122: Kann Aktivität und Aufmerksamkeit bei Kindern beinträchtigen.",175,42,0,0,10,10,0,"0,02",https://www.edeka24.de/Lebensmittel/Getraenke/Limonade/Sugar-Mami-Granatapfel-Erdbeere-0-33L.html,https://www.edeka24.de/out/pictures/generated/product/1/540_540_90/sugar_mami_granatapfel_erdbeere_033l_dpg.jpg
551,Lebensmittel,Getränke,Limonade,"Sugar Mami Peach 0,33L","1,29 €","3,91 €/l","zzgl. 0,25 € Pfand","inkl. MwSt., zzgl. 4.95 € Versandkosten.",2023-05-02 23:17:10.735478,Erfrischischungsgetränk mit Pfirsichgeschmack,,"Verantwortliches Lebensmittelunternehmen:
Star Concept GmbH & Co. KG, Bleckeder Landstraße 37, 21337 Lüneburg","Zutatenverzeichnis: Wasser, Zucker, Kohlensäure, Säuerungsmittel Citronensäure, natürliches Aroma, Säure-regulator Trinatriumcitrat, Farbstoffe E 110 und E 129. E 110 und E129: Kann Aktivität und Aufmerksamkeit bei Kindern beeinträchtigen.",157,37,0,0,9,9,0,"0,02",https://www.edeka24.de/Lebensmittel/Getraenke/Limonade/Sugar-Mami-Peach-0-33L.html,https://www.edeka24.de/out/pictures/generated/product/1/540_540_90/sugar_mami_peach_033l_dpg.jpg
552,Lebensmittel,Getränke,Limonade,"Paulaner Spezi Zero 0,33L","0,79 €","2,39 €/l","zzgl. 0,25 € Pfand","inkl. MwSt., zzgl. 4.95 € Versandkosten.",2023-05-02 23:17:13.897548,Coffeinhaltige Orangenlimonade mit Cola-Geschmack und Süßungsmitteln.,,"Verantwortliches Lebensmittelunternehmen:
Paulaner Brauerei Gruppe GmbH & Co KGaA, Ohlmüllerstr. 42, 81541 München","Zutatenverzeichnis: Wasser, Orangensaft aus Orangensaftkonzentrat (2,2%), Zitronensaft aus Zitronensaftkonzentrat (0,8%), Kohlensäure, Orangenextrakt, Farbstoff E 150d, Säuerungsmittel Phosphorsäure und Zitronensäure, Säureregulator Natriumcitrat, natürliches Aroma, Süßungsmittel Aspartam und Asculfam-K, Aroma Koffein, Antioxidationsmittel Ascorbinsäure, Stabilisator Johannisbrotkernmehl.",6,1,0,0,"0,5","0,5",0,"0,04",https://www.edeka24.de/Lebensmittel/Getraenke/Limonade/Paulaner-Spezi-Zero-0-33L.html,https://www.edeka24.de/out/pictures/generated/product/1/540_540_90/paulaner_spezi_zero_033l_dpg.jpg
553,Lebensmittel,Getränke,Sirup,"Mautner Markhof Feiner Fruchtsirup Waldbeere 0,7L","4,29 €","6,13 €/l","inkl. MwSt., zzgl. 4.95 € Versandkosten.",lieferbar innerhalb von 2-5 Werktagen,2023-05-02 23:17:17.192550,Waldbeeren-Mehrfrucht Sirup,Hinweis zur Aufbewahrung: Vor Wärme geschützt lagern.,"Verantwortliches Lebensmittelunternehmen:
Mautner Markhof, Gasse 39-41, 1110 Wien","Zutatenverzeichnis: Zucker, Glukose-Fruktose-Sirup, Wasser, 6% Aroniasaft*, 5% schwarzer Johannisbeersaft*, 4,5% Erdbeersaft*, 1% Brombeersaft* 0,5% Holunderbeersaft*, Säuerungsmittel: Citronensäure.","0,04",1374,0,0,79,79,78,"0,04",https://www.edeka24.de/Lebensmittel/Getraenke/Sirup/Mautner-Markhof-Feiner-Fruchtsirup-Waldbeere-0-7L.html,https://www.edeka24.de/out/pictures/generated/product/1/540_540_90/mautner_markhof_waldbeere_sirup.jpg
554,Lebensmittel,Getränke,Sirup,"Mautner Markhof Getränkesirup Waldmeister 0,7L","4,99 €","7,13 €/l","inkl. MwSt., zzgl. 4.95 € Versandkosten.",lieferbar innerhalb von 2-5 Werktagen,2023-05-02 23:17:20.408980,Getränkesirup mit Waldmeistergeschmack,Hinweis zur Aufbewahrung: Vor Wärme geschützt lagern.,"Verantwortliches Lebensmittelunternehmen:
Mautner Markhof Feinkost GmbH, Mautner-Markhof-Gasse 39,-41, A-1110 Wien","Zutatenverzeichnis: Zucker, Glukose-Fruktose-Sirup, Wasser, Apfelsaftkonzentrat, Zitronensaftkonzentrat, Säuerungsmittel (Citronensäure), färbendes Saflorkonzentrat, Farbstoff (Patentblau V), Aroma.",185,44,0,0,11,10,0,0,https://www.edeka24.de/Lebensmittel/Getraenke/Sirup/Mautner-Markhof-Getraenkesirup-Waldmeister-0-7L.html,https://www.edeka24.de/out/pictures/generated/product/1/540_540_90/mautner_markhof_waldmeistersirup_700ml.jpg
555,Lebensmittel,Getränke,Sirup,"Mautner Markhof Holunderblütensirup ohne Zuckerzusatz 0,7L","3,99 €","5,70 €/l","inkl. MwSt., zzgl. 4.95 € Versandkosten.",lieferbar innerhalb von 2-5 Werktagen,2023-05-02 23:17:23.551470,Holunderblütensirup mit Süßungsmitteln,,"Verantwortliches Lebensmittelunternehmen:
Mautner Markhof Feinkost GmbH, A-1110 Wien","Zutatenverzeichnis: Wasser, 40% Holunderblütenextrakt, Traubensaftkonzentrat, Säuerungsmittel: Citronensäure; Süßungsmittel: Sucralose, Saccharin-Natrium, Natriumcyclamat, Acesulfam-K; Verdickungsmittel: Xanthan; Konservierungsstoffe: Kaliumsorbat, Natriumbenzoat; natürliches Aroma",16,67,"0,5","0,1","2,6","2,6","0,5","0,08",https://www.edeka24.de/Lebensmittel/Getraenke/Sirup/Mautner-Markhof-Holunderbluetensirup-ohne-Zuckerzusatz-0-7L.html,https://www.edeka24.de/out/pictures/generated/product/1/540_540_90/mautner_markhof_holunderbltensirup_ohne_zuckerzusatz_07_ltr.jpg
556,Lebensmittel,Getränke,Sirup,"Darbo Himbeer Sirup 0,5L","9,49 €","18,98 €/l","inkl. MwSt., zzgl. 4.95 € Versandkosten.",lieferbar innerhalb von 2-5 Werktagen,2023-05-02 23:17:26.790865,-,Hinweis zur Aufbewahrung: Vor Gebrauch gut schütteln. Nach dem Öffnen gekühlt aufbewahren.,"Verantwortliches Lebensmittelunternehmen:
Adolf Darbo AG, Dornau 18, 6135 Stans/Österreich","Zutatenverzeichnis: Zucker, 36% Himbeersaft, 13% Himbeersaftkonzentrat, Säuerungsmittel Citronensäure, natürliches Himbeer-Aroma.",166,39,0,0,"9,5","9,5",0,0,https://www.edeka24.de/Lebensmittel/Getraenke/Sirup/Darbo-Himbeer-Sirup-0-5L.html,https://www.edeka24.de/out/pictures/generated/product/1/540_540_90/darbo_himbeer_sirup_05_ltr.jpg
557,Lebensmittel,Getränke,Sirup,Monin Sirup Karamell 250ML,"4,39 €","17,56 €/l","inkl. MwSt., zzgl. 4.95 € Versandkosten.",lieferbar innerhalb von 2-5 Werktagen,2023-05-02 23:17:35.298566,-,"Hinweis zur Aufbewahrung: Flasche innerhalb von 3 Monaten nach dem Öffnen zu verbrauchen. An einem sauberen, trockenen und kühlen Ort lagern.","Verantwortliches Lebensmittelunternehmen:
Bernard-Massard, Langenbach, 54290 Trier","Zutatenverzeichnis: Zucker, Wasser, natürliches Aroma, Säuerungsmittel: Zitronensäure, Farbstoff: Zuckerkulör.",1349,323,0,0,"79,3","79,3",0,"0,03",https://www.edeka24.de/Lebensmittel/Getraenke/Sirup/Monin-Sirup-Karamell-250ML.html,https://www.edeka24.de/out/pictures/generated/product/1/540_540_90/monin_sirup_karamel_250ml.jpg
558,Lebensmittel,Getränke,Sirup,"Darbo Holunderblütensirup 0,5L","8,49 €","16,98 €/l","inkl. MwSt., zzgl. 4.95 € Versandkosten.",lieferbar innerhalb von 2-5 Werktagen,2023-05-02 23:17:43.251653,-,Hinweis zur Aufbewahrung: Vor Gebrauch gut schütteln. Nach dem Öffnen gekühlt aufbewahren.,"Verantwortliches Lebensmittelunternehmen:
A. Darbo AG, Dornau 18, A-6135 Stans","Zutatenverzeichnis: Zucker, 40% wässriger Extrakt aus Holunderblüten, Säuerungsmittel Citronensäure, natürliches Aroma.",166,39,g,g,"9,7","9,7",0,0,https://www.edeka24.de/Lebensmittel/Getraenke/Sirup/Darbo-Holunderbluetensirup-0-5L.html,https://www.edeka24.de/out/pictures/generated/product/1/540_540_90/darbo_holunderbltensirup_05_ltr.jpg
559,Lebensmittel,Getränke,Sirup,"Darbo Schwarzer Johannisbeersirup 0,5L","7,49 €","14,98 €/l","inkl. MwSt., zzgl. 4.95 € Versandkosten.",lieferbar innerhalb von 2-5 Werktagen,2023-05-02 23:17:47.953897,SCHWARZER JOHANNISBEER SIRUP,Hinweis zur Aufbewahrung: Vor Gebrauch gut schütteln. Nach dem Öffnen gekühlt aufbewahren.,"Verantwortliches Lebensmittelunternehmen:
A. Darbo AG, 6135 Stans/Tirol, Österreich","Zutatenverzeichnis: Zucker, 40% Schwarzer Johannisbeersaft, 9% Schwarzes Johannisbeersaftkonzentrat, Säuerungsmittel Citronensäure, natürliches Schwarzes Johannisbeer-Aroma.",163,38,0,0,"9,5","9,4",0,0,https://www.edeka24.de/Lebensmittel/Getraenke/Sirup/Darbo-Schwarzer-Johannisbeersirup-0-5L.html,https://www.edeka24.de/out/pictures/generated/product/1/540_540_90/darbo_schwarzer_johannisbeersirup_05_ltr.jpg
560,Lebensmittel,Getränke,Sirup,"Mautner Markhof Feiner Blütesirup Holunderblüte 0,7L","4,79 €","6,84 €/l","inkl. MwSt., zzgl. 4.95 € Versandkosten.",lieferbar innerhalb von 2-5 Werktagen,2023-05-02 23:17:52.270292,Holunderblütensirup,,"Verantwortliches Lebensmittelunternehmen:
Mautner Markhof, Gasse 39-41, 1110 Wien","Zutatenverzeichnis: Zucker, Holunderblütenextrakt, Säuerungsmittel: Citronensäure",1388,327,g,0,77,77,g,g,https://www.edeka24.de/Lebensmittel/Getraenke/Sirup/Mautner-Markhof-Feiner-Bluetesirup-Holunderbluete-0-7L.html,https://www.edeka24.de/out/pictures/generated/product/1/540_540_90/mautner-sirup-holunderblte-700-ml.jpg
561,Lebensmittel,Getränke,Sirup,Monin Sirup Grenadine 250ML,"4,39 €","17,56 €/l","inkl. MwSt., zzgl. 4.95 € Versandkosten.",lieferbar innerhalb von 2-5 Werktagen,2023-05-02 23:17:57.369706,-,"Hinweis zur Aufbewahrung: Flasche innerhalb von 3 Monaten nach dem Öffnen zu verbrauchen. An einem sauberen, trockenen und kühlen Ort lagern.","Verantwortliches Lebensmittelunternehmen:
Bernard-Massard, Langenbach, 54290 Trier","Zutatenverzeichnis: Zucker, Wasser, konzentrierter Johannisbeeresaft 1,17%*, Säuerungsmittel: Citronensäure, natürliches Aroma, Farbstoff: Anthocyane, konzentrierter Holundersaft 0,09%**, natürliches Vanillearoma mit anderen natürlichen Aromen, konzentrierter Himbeersaft 0,07%***. *Entspricht 8% Johannisbeersaft, ** 1% Holundersaft, *** 1% Himbeersaft im Endprodukt.",1265,303,0,0,"74,6","74,5",0,"0,03",https://www.edeka24.de/Lebensmittel/Getraenke/Sirup/Monin-Sirup-Grenadine-250ML.html,https://www.edeka24.de/out/pictures/generated/product/1/540_540_90/monin_sirup_grenadine_025l.jpg
562,Lebensmittel,Getränke,Sirup,Nestle Nesquik Schoko Sirup 300ML,"3,79 €","12,63 €/l","inkl. MwSt., zzgl. 4.95 € Versandkosten.",lieferbar innerhalb von 2-5 Werktagen,2023-05-02 23:18:01.304890,Sirup mit fettarmem Kakao,Hinweis zur Aufbewahrung: Nach dem Öffnen im Kühlschrank aufbewahren.,"Verantwortliches Lebensmittelunternehmen:
Nestlé Deutschland AG, 60523 Frankfurt am Main","Zutatenverzeichnis: Zucker, Wasser, 10,7% fettarmer Kakao, Invertzuckersirup, Dextrose, Säuerungsmittel (Citronensäure), Salz, Konservierungsstoff (Kaliumsorbat), Aroma, Zimt.",1168,282,"1,2","0,7","62,7","60,6","2,2","0,18",https://www.edeka24.de/Lebensmittel/Getraenke/Sirup/Nestle-Nesquik-Schoko-Sirup-300ML.html,https://www.edeka24.de/out/pictures/generated/product/1/540_540_90/nestle_nesquik_schoko_sirup.jpg
563,Lebensmittel,Getränke,Sirup,Monin Sirup Cocos 250ML,"4,39 €","17,56 €/l","inkl. MwSt., zzgl. 4.95 € Versandkosten.",lieferbar innerhalb von 2-5 Werktagen,2023-05-02 23:18:05.493427,-,"Hinweis zur Aufbewahrung: Flasche innerhalb von 3 Monaten nach dem Öffnen zu verbrauchen. An einem sauberen, trockenen und kühlen Ort lagern.","Verantwortliches Lebensmittelunternehmen:
Bernard-Massard, Langenbach, 54290 Trier","Zutatenverzeichnis: Zucker, Wasser, natürliches Kokosnussaroma mit anderen natürlichen Aromen, Emulgator: Gummi arabicum.",1332,319,0,0,"79,3","79,3",0,"0,03",https://www.edeka24.de/Lebensmittel/Getraenke/Sirup/Monin-Sirup-Cocos-250ML.html,https://www.edeka24.de/out/pictures/generated/product/1/540_540_90/monin_sirup_kokosnuss_025l.jpg
564,Lebensmittel,Getränke,Sirup,"Balema Holunderbeeren Genuss 0,5L","5,49 €","10,98 €/l","inkl. MwSt., zzgl. 4.95 € Versandkosten.",lieferbar innerhalb von 2-5 Werktagen,2023-05-02 23:18:09.400730,"Getränk von Holunderbeersaft mit Fruchtzuckersirup, Zitronen- und Orangensaft",Hinweis zur Aufbewahrung: Nach dem Öffnen kühl lagern,"Verantwortliches Lebensmittelunternehmen:
Balema Badische Lebensmittel GmbH, Schlossergasse 28, D-77694 Kehl","Zutatenverzeichnis: 44% Holunderbeersaft, Fruchtzuckersirup, 8% Zitronensaft, 8% Orangensaft",168,712,"0,5","0,5","41,8","40,1","0,6","0,0",https://www.edeka24.de/Lebensmittel/Getraenke/Sirup/Balema-Holunderbeeren-Genuss-0-5L.html,https://www.edeka24.de/out/pictures/generated/product/1/540_540_90/balema_holunderbeeren_genuss.jpg
565,Lebensmittel,Getränke,Sirup,Bio Gourmet Ahornsirup Grad A 250ML,"7,49 €","29,96 €/l","inkl. MwSt., zzgl. 4.95 € Versandkosten.",lieferbar innerhalb von 2-5 Werktagen,2023-05-02 23:18:13.227040,Ahornsirup,Hinweis zur Aufbewahrung: Nach dem Öffnen verschlossen im Kühlschrank aufbewahren.,"Verantwortliches Lebensmittelunternehmen:
Bio Gourmet GmbH, 71729 Erdmannshausen",,1513,356,0,0,89,77,0,"0,01",https://www.edeka24.de/Lebensmittel/Getraenke/Sirup/Bio-Gourmet-Ahornsirup-Grad-A-250ML.html,https://www.edeka24.de/out/pictures/generated/product/1/540_540_90/bgahornsirup.jpg
566,Lebensmittel,Getränke,Sirup,Monin Sirup Holunderblüte 250ML,"4,39 €","17,56 €/l","inkl. MwSt., zzgl. 4.95 € Versandkosten.",lieferbar innerhalb von 2-5 Werktagen,2023-05-02 23:18:16.719890,-,"Hinweis zur Aufbewahrung: Flasche innerhalb von 3 Monaten nach dem Öffnen zu verbrauchen. An einem sauberen, trockenen und kühlen Ort lagern.","Verantwortliches Lebensmittelunternehmen:
Bernard-Massard, Langenbach, 54290 Trier","Zutatenverzeichnis: Zucker, Wasser, Säuerungsmittel: Citronensäure, konzentrierter Zitronensaft, natürliches Aroma, natürliches Grapefruitaroma, natürliche Litschiaroma. Enthält Holunderblütenextrakt.",1374,329,0,0,"80,1","80,1",0,"0,03",https://www.edeka24.de/Lebensmittel/Getraenke/Sirup/Monin-Sirup-Holunderbluete-250ML.html,https://www.edeka24.de/out/pictures/generated/product/1/540_540_90/monin_sirup_holunderbl250ml.jpg
567,Lebensmittel,Getränke,Sirup,"Balema Holunderblüten Genuss 0,5L","8,29 €","16,58 €/l","inkl. MwSt., zzgl. 4.95 € Versandkosten.",lieferbar innerhalb von 2-5 Werktagen,2023-05-02 23:18:20.510132,Getränk von frischen Holunderblüten,Hinweis zur Aufbewahrung: Nach dem Öffnen kühl lagern. Innerhalb 2 Wochen verbrauchen,"Verantwortliches Lebensmittelunternehmen:
Balema Badische Lebensmittel GmbH, Schlossergasse 28, D-77694 Kehl","Zutatenverzeichnis: Wasser, frische Holunderblüten, Fruchtzucker, Zitronensaft, alkoholfreier Wein, geriebene Zitronen- und Orangenschalen",96,407,"0,1","0,1","23,3","23,2","0,1","0,0",https://www.edeka24.de/Lebensmittel/Getraenke/Sirup/Balema-Holunderblueten-Genuss-0-5L.html,https://www.edeka24.de/out/pictures/generated/product/1/540_540_90/holunderblueten_500_z1.jpg
568,Lebensmittel,Getränke,Wasser,"Vitrex Mineralwasser sanft perlend 6x 0,5L","1,89 €","0,63 €/l","zzgl. 1,50 € Pfand","inkl. MwSt., zzgl. 4.95 € Versandkosten.",2023-05-02 23:18:26.347676,Natürliches Mineralwasser aus dem Schwarzwald,Hinweis zur Aufbewahrung: Bei Raumtemperatur trocken und geruchsneutral lagern. Vor direkter Sonneneinstrahlung schützen.,"Verantwortliches Lebensmittelunternehmen:
Schwarzwald-Sprudel Wildberg GmbH, Wasenstr. 3, 72218 Wildberg",,,,,,,,,,https://www.edeka24.de/Lebensmittel/Getraenke/Wasser/Vitrex-Mineralwasser-sanft-perlend-6x-0-5L.html,https://www.edeka24.de/out/pictures/generated/product/1/540_540_90/vitrex_mineralwasser_sanft_perlend_05l_dpg.jpg
569,Lebensmittel,Getränke,Wasser,"Vitrex Mineralwasser Classic 6x 0,5L","1,89 €","0,63 €/l","zzgl. 1,50 € Pfand","inkl. MwSt., zzgl. 4.95 € Versandkosten.",2023-05-02 23:18:30.961117,Natürliches Mineralwasser aus dem Schwarzwald mit Kohlensäure,Hinweis zur Aufbewahrung: Bei Raumtemperatur trocken und geruchsneutral lagern. Vor direkter Sonneneinstrahlung schützen. Für den direkten Verzehr geeignet.,"Verantwortliches Lebensmittelunternehmen:
Schwarzwald-Sprudel Wildberg GmbH, Wasenstr. 3, 72218 Wildberg",,,,,,,,,,https://www.edeka24.de/Lebensmittel/Getraenke/Wasser/Vitrex-Mineralwasser-Classic-6x-0-5L.html,https://www.edeka24.de/out/pictures/generated/product/1/540_540_90/vitrex_classic_05l_dpg.jpg
570,Lebensmittel,Getränke,Wasser,"Vitrex Mineralwasser Naturelle 6x 0,5L","1,89 €","0,63 €/l","zzgl. 1,50 € Pfand","inkl. MwSt., zzgl. 4.95 € Versandkosten.",2023-05-02 23:18:33.897601,Natürliches Mineralwasser aus dem Schwarzwald.,Hinweis zur Aufbewahrung: Bei Raumtemperatur trocken und geruchsneutral lagern. Vor direkter Sonneneinstrahlung schützen.,"Verantwortliches Lebensmittelunternehmen:
Schwarzwald-Sprudel Wildberg GmbH, Wasenstr. 3, 72218 Wildberg",,,,,,,,,,https://www.edeka24.de/Lebensmittel/Getraenke/Wasser/Vitrex-Mineralwasser-Naturelle-6x-0-5L.html,https://www.edeka24.de/out/pictures/generated/product/1/540_540_90/vitrex_mineralwasser_naturelle_pet_6x_05_ltr.jpg
571,Lebensmittel,Getränke,Wasser,"Vitrex Pfirsich 6x 0,5L","2,19 €","0,73 €/l","zzgl. 1,50 € Pfand","inkl. MwSt., zzgl. 4.95 € Versandkosten.",2023-05-02 23:18:37.027100,Erfrischungsgetränk aus Quellwasser mit Pfirsich-Geschmack,Hinweis zur Aufbewahrung: Bei Raumtemperatur trocken und geruchsneutral lagern. Vor direkter Sonneneinstrahlung schützen. Nach dem Öffnen im Kühlschrank aufbewahren und alsbaldig aufbrauchen.,"Verantwortliches Lebensmittelunternehmen:
Schwarzwald-Sprudel Wildberg GmbH, Wasenstr. 3, 72218 Wildberg","Zutatenverzeichnis: Quellwasser, Invertzuckersirup, Säuerungsmittel: Citronensäure; natürliches Aroma, Konservierungsstoff: Kaliumsorbat.",12,49,0,0,"2,8","2,8",0,"0,008",https://www.edeka24.de/Lebensmittel/Getraenke/Wasser/Vitrex-Pfirsich-6x-0-5L.html,https://www.edeka24.de/out/pictures/generated/product/1/540_540_90/vitrex_mineralwasser_pfirsich_pet_6x_05_ltr(1).jpg
572,Lebensmittel,Getränke,Wasser,"Vitrex Apfel 6x 0,5L","2,19 €","0,73 €/l","zzgl. 1,50 € Pfand","inkl. MwSt., zzgl. 4.95 € Versandkosten.",2023-05-02 23:18:40.234384,Erfrischungsgetränk aus Quellwasser mit Apfel-Geschmack,Hinweis zur Aufbewahrung: Bei Raumtemperatur trocken und geruchsneutral lagern. Vor direkter Sonneneinstrahlung schützen. Nach dem Öffnen im Kühlschrank aufbewahren und alsbaldig aufbrauchen.,"Verantwortliches Lebensmittelunternehmen:
Schwarzwald-Sprudel Wildberg GmbH, Wasenstr. 3, 72218 Wildberg","Zutatenverzeichnis: Quellwasser, Invertzuckersirup, Säuerungsmittel: Citronensäure; natürliches Aroma, Konservierungsstoff: Kaliumsorbat.",49,12,0,0,"2,9","2,9",0,"0,008",https://www.edeka24.de/Lebensmittel/Getraenke/Wasser/Vitrex-Apfel-6x-0-5L.html,https://www.edeka24.de/out/pictures/generated/product/1/540_540_90/vitrex_mineralwasser_apfel_pet_6x_05_ltr(1).jpg
573,Lebensmittel,Getränke,Wasser,"Vitavate Himbeere 0,5L","1,29 €","2,58 €/l","zzgl. 0,25 € Pfand","inkl. MwSt., zzgl. 4.95 € Versandkosten.",2023-05-02 23:18:43.064213,Kalorienarmes Erfrischungsgetränk mit Himbeergeschmack und Vitaminen,Hinweis zur Aufbewahrung: Bitte kühl und lichtgeschützt lagern.,"Verantwortliches Lebensmittelunternehmen:
UniBev GmbH, Rotebühlstr. 66, 70178 Stuttgart","Zutatenverzeichnis: Natürliches Mineralwasser, Wassermelonensaftkonzentrat, Zitronensaftkonzentrat, färbendes Konzentrat aus Karotte, natürliches Aromen, Säuerungsmittel Citronensäure, Vitaminmischung (Pantothensäure, Vitamin B6, Biotin, Vitamin B12)",4,1,0,0,0,0,0,0,https://www.edeka24.de/Lebensmittel/Getraenke/Wasser/Vitavate-Himbeere-0-5L.html,https://www.edeka24.de/out/pictures/generated/product/1/540_540_90/vitavate_himbeere_05l_dpg.jpg
574,Lebensmittel,Getränke,Wasser,"Vitavate Pfirsich 0,5L","1,29 €","2,58 €/l","zzgl. 0,25 € Pfand","inkl. MwSt., zzgl. 4.95 € Versandkosten.",2023-05-02 23:18:45.788155,Kalorienarmes Erfrischungsgetränk mit Pfirsichgeschmack und Vitaminen,Hinweis zur Aufbewahrung: Bitte kühl und lichtgeschützt lagern.,"Verantwortliches Lebensmittelunternehmen:
UniBev GmbH, Rotebühlstr. 66, 70178 Stuttgart","Zutatenverzeichnis: Natürliches Mineralwasser, Pfirsichsaftkonzentrat, natürliches Zitronenaroma mit Zitronensaftkonzentrat natürliches Aroma, färbendes Konzentrat aus Karotte, Saflor, Vitaminmischung (Pantothensäure, Vitamin B6, Biotin, Vitamin B12)",16,4,0,0,"0,9","0,7",0,0,https://www.edeka24.de/Lebensmittel/Getraenke/Wasser/Vitavate-Pfirsich-0-5L.html,https://www.edeka24.de/out/pictures/generated/product/1/540_540_90/vitavate_pfirsich_05l_dpg.jpg
575,Lebensmittel,Backen & Desserts,Margarine & Butterschmalz,Meggle Butterschmalz 250G,"4,29 €","17,16 €/kg","inkl. MwSt., zzgl. 4.95 € Versandkosten.",lieferbar innerhalb von 2-5 Werktagen,2023-05-02 23:18:48.907092,"Butterschmalz 99,8% Fett.",Hinweis zur Aufbewahrung: Beste Lagerung zwischen +2°C und +15°C.,"Verantwortliches Lebensmittelunternehmen:
Meggle, 83512 Wasserburg",Zutatenverzeichnis: BUTTER.,3693,898,"99,8",70,0,0,0,0,https://www.edeka24.de/Lebensmittel/Backen-Desserts/Margarine-Butterschmalz/Meggle-Butterschmalz-250G.html,https://www.edeka24.de/out/pictures/generated/product/1/540_540_90/meggle_butterschmalz_250g.jpg
576,Lebensmittel,Backen & Desserts,Margarine & Butterschmalz,Rama Original 60% Fett 400G,"2,29 €","5,73 €/kg","inkl. MwSt., zzgl. 4.95 € Versandkosten.",lieferbar innerhalb von 2-5 Werktagen,2023-05-02 23:18:52.038310,Dreiviertelfettmargarine 60%,Hinweis zur Aufbewahrung: Beste Lagerung zwischen +2°C und +15°C,"Verantwortliches Lebensmittelunternehmen:
Upfield Deutschland GmbH, Postfach 10 25 27, 20017 Hamburg","Zutatenverzeichnis: Pflanzliche Öle und Fette (Raps, Palm, Sonnenblumen in veränderlichen Gewichtsanteilen), Trinkwasser, Speisesalz (0.5%), Emulgatoren (Lecithine, Mono- und Diglyceride von Speisefettsäuren), natürliche Aromen, Säuerungsmittel (Citronensäure), Vitamine (A, D, E), Farbstoff (Carotin).",2235,536,60,21,"0,5","0,5","0,5","0,5",https://www.edeka24.de/Lebensmittel/Backen-Desserts/Margarine-Butterschmalz/Rama-Original-60-Fett-400G.html,https://www.edeka24.de/out/pictures/generated/product/1/540_540_90/rama_original_60_fett_400g.jpg
577,Lebensmittel,Backen & Desserts,Aromen-Vanille,Dr.Oetker Vanillin Zucker 10x 8G,"1,39 €","17,38 €/kg","inkl. MwSt., zzgl. 4.95 € Versandkosten.",lieferbar innerhalb von 2-5 Werktagen,2023-05-02 23:18:55.306195,-,,"Verantwortliches Lebensmittelunternehmen:
Dr. August Oetker Nahrungsmittel KG, Lutterstraße 14, D-33617 Bielefeld","Zutatenverzeichnis: Zucker, Aroma Vanillin",,,,,,,,,https://www.edeka24.de/Lebensmittel/Backen-Desserts/Aromen-Vanille/Dr-Oetker-Vanillin-Zucker-10x-8G.html,https://www.edeka24.de/out/pictures/generated/product/1/540_540_90/droetker_vanillin_zucker.jpg
580,Lebensmittel,Backen & Desserts,Aromen-Vanille,Alnatura Bio Kakao schwach entölt 125G,"2,29 €","18,32 €/kg","inkl. MwSt., zzgl. 4.95 € Versandkosten.",lieferbar innerhalb von 2-5 Werktagen,2023-05-02 23:19:04.053212,Bio Kakaopulver,Hinweis zur Aufbewahrung: Bitte trocken lagern und vor Wärme schützen.,"Verantwortliches Lebensmittelunternehmen:
Alnatura GmbH, Mahatma-Gandhi-Straße 7, 64295 Darmstadt","Zutatenverzeichnis: Kakaopulver*, Säureregulator: Kaliumcarbonat *aus biologischer Landwirtschaft .",1603,387,21,13,12,"0,5",22,"0,05",https://www.edeka24.de/Lebensmittel/Backen-Desserts/Aromen-Vanille/Alnatura-Bio-Kakao-schwach-entoelt-125G.html,https://www.edeka24.de/out/pictures/generated/product/1/540_540_90/4104420022782-bio-alnatura-kako-schwach-entlt.jpg
581,Lebensmittel,Backen & Desserts,Aromen-Vanille,Dr.Oetker Bourbon Vanillezucker 3x 8G,"1,39 €","57,92 €/kg","inkl. MwSt., zzgl. 4.95 € Versandkosten.",lieferbar innerhalb von 2-5 Werktagen,2023-05-02 23:19:09.812383,-,,"Verantwortliches Lebensmittelunternehmen:
Dr. August Oetker Nahrungsmittel KG, Lutterstraße 14, D-33617 Bielefeld","Zutatenverzeichnis: Zucker, gemahlene extrahierte Vanilleschoten, Bourbon-Vanille-Extrakt",,,,,,,,,https://www.edeka24.de/Lebensmittel/Backen-Desserts/Aromen-Vanille/Dr-Oetker-Bourbon-Vanillezucker-3x-8G.html,https://www.edeka24.de/out/pictures/generated/product/1/540_540_90/droetker_bourbon_vanillezucker.jpg
582,Lebensmittel,Backen & Desserts,Aromen-Vanille,Dr.Oetker Finesse Geriebene Zitronenschale 3ST 18G,"1,09 €","60,56 €/kg","inkl. MwSt., zzgl. 4.95 € Versandkosten.",lieferbar innerhalb von 2-5 Werktagen,2023-05-02 23:19:13.115125,"Geriebene Zitronenschale mit Dextrose, stabilisiert",,"Verantwortliches Lebensmittelunternehmen:
DR. AUGUST OETKER NAHRUNGSMITTEL KG, 33547 Bielefeld","Zutatenverzeichnis: 60% Dextrose, 36% zerkleinerte teilentwässerte Zitronenschalen, 1,4% Zitronenöl, Trennmittel (E 341), Antioxidationsmittel (E 300, E 304), Konservierungsstoff (E 200), Aroma, Farbstoff (E 101).",1184,278,"0,1",0,67,67,"0,7","0,01",https://www.edeka24.de/Lebensmittel/Backen-Desserts/Aromen-Vanille/Dr-Oetker-Finesse-Geriebene-Zitronenschale-3ST-18G.html,https://www.edeka24.de/out/pictures/generated/product/1/540_540_90/droetker_finesse_geriebene_zitronenschale_3x6g.jpg
583,Lebensmittel,Backen & Desserts,Aromen-Vanille,Borchers Vanillin Birkenzucker Xylit 65G,"3,49 €","53,69 €/kg","inkl. MwSt., zzgl. 4.95 € Versandkosten.",lieferbar innerhalb von 2-5 Werktagen,2023-05-02 23:19:16.733749,Tafelsüße auf der Grundlage von Xylit,"Hinweis zur Aufbewahrung: Bitte vor Wärme geschützt und trocken lagern. Nicht an Tiere, v.a. Hunde verfüttern.","Verantwortliches Lebensmittelunternehmen:
borchers fine food GmbH & Co.KG, Rosa-Luxemburg-Str.3, 28876 Oyten",Zutatenverzeichnis: Süßungsmittel: Xylit. Aroma Vanillin.,240,1000,0,0,100,0,0,0,https://www.edeka24.de/Lebensmittel/Backen-Desserts/Aromen-Vanille/Borchers-Vanillin-Birkenzucker-Xylit-65G.html,https://www.edeka24.de/out/pictures/generated/product/1/540_540_90/borchersvanilinxylit.jpg
587,Lebensmittel,Backen & Desserts,Aromen-Vanille,Decocino Vanille Extrakt 20ML,"5,79 €","289,50 €/l","inkl. MwSt., zzgl. 4.95 € Versandkosten.",lieferbar innerhalb von 2-5 Werktagen,2023-05-02 23:19:29.930022,Natürliches Bourbon Vanille Aroma,"Hinweis zur Aufbewahrung: Vor Gebrauch gut schütteln kühl und trocken lagern, vor direkter Sonneneinstrahlung schützen","Verantwortliches Lebensmittelunternehmen:
Dekoback GmbH, Neue Industriestr. 8 74934 Reichartshausen","Zutatenverzeichnis: Invertzuckersirup, Farbstoff: Zuckerkulör, Bourbon Vanillekonzentrat (2,9%), Vanillesamen(0,6%).",1207,284,0,0,71,71,0,"0,01",https://www.edeka24.de/Lebensmittel/Backen-Desserts/Aromen-Vanille/Decocino-Vanille-Extrakt-20ML.html,https://www.edeka24.de/out/pictures/generated/product/1/540_540_90/dekvanille_extrakt_27g.jpg
588,Lebensmittel,Backen & Desserts,Aromen-Vanille,Dr.Oetker Bourbon Vanille Paste 50G,"4,29 €","85,80 €/kg","inkl. MwSt., zzgl. 4.95 € Versandkosten.",lieferbar innerhalb von 2-5 Werktagen,2023-05-02 23:19:37.044976,Bourbon Vanille Paste,"Hinweis zur Aufbewahrung: trocken, lichtgeschützt und nicht über Zimmertemperatur lagern.","Verantwortliches Lebensmittelunternehmen:
Dr. August Oetker Nahrungsmittel KG, Lutterstraße 14, D-33617 Bielefeld","Zutatenverzeichnis: Invertzuckersirup, 13% Bourbon-Vanille-Extrakt, Wasser, Zucker, 1,5% extrahiertes Vanillemark, Verdickungsmittel (Traganth).",1166,275,"0,1",0,59,58,"0,1",0,https://www.edeka24.de/Lebensmittel/Backen-Desserts/Aromen-Vanille/Dr-Oetker-Bourbon-Vanille-Paste-50G.html,https://www.edeka24.de/out/pictures/generated/product/1/540_540_90/droetker_bourbon_vanille_paste_50g.jpg
591,Lebensmittel,Backen & Desserts,Aromen-Vanille,Ostmann Feine Vanille 1ST,"6,19 €","6,19 €/st","inkl. MwSt., zzgl. 4.95 € Versandkosten.",lieferbar innerhalb von 2-5 Werktagen,2023-05-02 23:19:52.388904,Vanilleschote,Hinweis zur Aufbewahrung: Kühl und dunkel aufbewahren.,"Verantwortliches Lebensmittelunternehmen:
Ostmann Gewürze GmbH, Industriestraße 25, 49201 Dissen a.T.W.",,,,,,,,,,https://www.edeka24.de/Lebensmittel/Backen-Desserts/Aromen-Vanille/Ostmann-Feine-Vanille-1ST.html,https://www.edeka24.de/out/pictures/generated/product/1/540_540_90/ostmann_feine_vanilleschote.jpg
592,Lebensmittel,Backen & Desserts,Aromen-Vanille,EDEKA Orangeat gewürfelt 100G,"0,89 €","8,90 €/kg","inkl. MwSt., zzgl. 4.95 € Versandkosten.",lieferbar innerhalb von 2-5 Werktagen,2023-05-02 23:19:56.225110,Orangeat gewürfelt,Hinweis zur Aufbewahrung: Vor Wärme geschützt und trocken lagern.,"Verantwortliches Lebensmittelunternehmen:
EDEKA ZENTRALE Stiftung & Co. KG, D-22291 Hamburg","Zutatenverzeichnis: 57% Orangenschalen, Glukose-Fruktose-Sirup, Zucker, Speisesalz, Säuerungsmittel: Citronensäure. Das Produkt kann Spuren von SULFIT enthalten.",1332,314,0,0,76,70,0,"0,39",https://www.edeka24.de/Lebensmittel/Backen-Desserts/Aromen-Vanille/EDEKA-Orangeat-gewuerfelt-100G.html,https://www.edeka24.de/out/pictures/generated/product/1/540_540_90/edeka_orangeat_gewrfelt_100_g.jpg
593,Lebensmittel,Backen & Desserts,Aromen-Vanille,EDEKA Zitronat gewürfelt 100G,"0,89 €","8,90 €/kg","inkl. MwSt., zzgl. 4.95 € Versandkosten.",lieferbar innerhalb von 2-5 Werktagen,2023-05-02 23:20:01.032445,Zitronat gewürfelt,Hinweis zur Aufbewahrung: Vor Wärme geschützt und trocken lagern.,"Verantwortliches Lebensmittelunternehmen:
EDEKA ZENTRALE Stiftung & Co. KG, D-22291 Hamburg","Zutatenverzeichnis: 57% Zedratfruchtschalen, Glukose- Fruktose- Sirup, Zucker, Speisesalz, Säuerungsmittel: Citronensäure. Das Produkt kann Spuren von SULFIT enthalten.",1332,314,0,0,76,76,0,"0,6",https://www.edeka24.de/Lebensmittel/Backen-Desserts/Aromen-Vanille/EDEKA-Zitronat-gewuerfelt-100G.html,https://www.edeka24.de/out/pictures/generated/product/1/540_540_90/edeka_zitronat_gewrfelt_100_g.jpg
594,Lebensmittel,Backen & Desserts,Backmischungen,Diamant Sechskorn Backmischung mit Sauerteig & Hefe 500G,"0,99 €","1,98 €/kg","inkl. MwSt., zzgl. 4.95 € Versandkosten.",lieferbar innerhalb von 2-5 Werktagen,2023-05-02 23:20:05.326314,Backmischung mit Sauerteig und Hefe,Hinweis zur Aufbewahrung: Kühl und trocken lagern.,"Verantwortliches Lebensmittelunternehmen:
Aurora Mühlen GmbH, Trettaustraße 49 21107 Hamburg","Zutatenverzeichnis: WEIZENMEHL (65 %), ROGGENMEHL (8 %), VOLLKORNHAFRTFLOCKEN (4 %), GERSTENFLOCKEN (4 %), Maismehl (4 %), DINKELMEHL (4 %), getrockneter ROGGENVOLLKORNSAUERTEIG, jodiertes Speisesalz (Speisesalz; Kaliumjodat), Trockenhefe, Leinsamen, Sonnenblumenkerne, Traubenzucker, GERSTENMALZMEHL, Mehlbehandlungsmittel: Ascorbinsäure.",242,1025,"1,7","0,2",47,"1,8","7,8","1,5",https://www.edeka24.de/Lebensmittel/Backen-Desserts/Backmischungen/Diamant-Sechskorn-Backmischung-mit-Sauerteig-Hefe-500G.html,https://www.edeka24.de/out/pictures/generated/product/1/540_540_90/diamant_sechskorn_backmischung_mit_sauerteig_und_hefe_500g.jpg
595,Lebensmittel,Backen & Desserts,Backmischungen,Dr. Oetker Zitronenkuchen 525G,"3,29 €","6,27 €/kg","inkl. MwSt., zzgl. 4.95 € Versandkosten.",lieferbar innerhalb von 2-5 Werktagen,2023-05-02 23:20:09.606877,Backmischung,,"Verantwortliches Lebensmittelunternehmen:
Dr. August Oetker Nahrungsmittel KG, 33547 Bielefeld","Zutatenverzeichnis: WEIZENMEHL, Zucker, Puderzucker, MILCHZUCKER, WEIZENSTÄRKE, Backtriebmittel (Diphosphate, Natriumcarbonate), modifizierte Stärke, Reisstärke, Oligofruktose, Zitronenfruchtpulver, natürliches Zitronen Aroma, Emulgatoren (E 475, E 471, E 433), Säuerungsmittel (Citronensäure). Kann enthalten: EI, MILCHEIWEISS.",1611,384,16,"5,0",52,32,"7,0","0,61",https://www.edeka24.de/Lebensmittel/Backen-Desserts/Backmischungen/Dr-Oetker-Zitronenkuchen-525G.html,https://www.edeka24.de/out/pictures/generated/product/1/540_540_90/droetker_zitronenkuchen_525g.jpg
596,Lebensmittel,Backen & Desserts,Backmischungen,Aurora Brotbackmischung Saftiges Kornbrot 500G,"1,39 €","2,78 €/kg","inkl. MwSt., zzgl. 4.95 € Versandkosten.",lieferbar innerhalb von 2-5 Werktagen,2023-05-02 23:20:13.751123,BACKMISCHUNG FÜR ROGGENMISCHBROT,Hinweis zur Aufbewahrung: Kühl und trocken lagern.,"Verantwortliches Lebensmittelunternehmen:
AURORA MÜHLEN GMBH, 21081 HAMBURG","Zutatenverzeichnis: WEIZENMEHL, ROGGENMEHL (26%), ROGGENVOLLKORNSCHROT (17%), Sonnenblumenkerne, WEIZENKLEIE, getrockneter ROGGENVOLLKORNSAUERTEIG (4%), WEIZENKEIME, Trockenhefe, jodiertes Speisesalz (Speisesalz, Kaliumjodat), GERSTENMALZMEHL, Mehlbehnadlungsmittel Ascorbinsäure.",238,1007,"1,8","0,3",45,"2,1",8,"1,2",https://www.edeka24.de/Lebensmittel/Backen-Desserts/Backmischungen/Aurora-Brotbackmischung-Saftiges-Kornbrot-500G.html,https://www.edeka24.de/out/pictures/generated/product/1/540_540_90/aurora_brotbackmischung_saftiges_kornbrot_500g.jpg
597,Lebensmittel,Backen & Desserts,Backmischungen,Aurora Brotbackmischung Roggen-Dinkelbrot 500G,"1,39 €","2,78 €/kg","inkl. MwSt., zzgl. 4.95 € Versandkosten.",lieferbar innerhalb von 2-5 Werktagen,2023-05-02 23:20:18.580460,Backmischung für Roggenmischbrot mit Dinkel,Hinweis zur Aufbewahrung: Kühl und trocken lagern.,"Verantwortliches Lebensmittelunternehmen:
AURORA MÜHLEN GMBH, 21081 HAMBURG","Zutatenverzeichnis: ROGGENMEHL (45%), WEIZENMEHL, DINKELMEHL (10%), getrockneter ROGGENVOLLKORNSAUERTEIG (3%), ROGGENMALZFLOCKEN (3%), Kürbiskerne, Trockenhefe,jodiertes Speisesalz (Speisesalz, Kaliumjodat), Leinsamen, Mehlbehandlungsmittel Ascorbinsäure.",234,988,"2,1","0,3",44,"0,8","7,6","1,5",https://www.edeka24.de/Lebensmittel/Backen-Desserts/Backmischungen/Aurora-Brotbackmischung-Roggen-Dinkelbrot-500G.html,https://www.edeka24.de/out/pictures/generated/product/1/540_540_90/aurora_brotbackmischung_roggendinkelbrot_500g.jpg
598,Lebensmittel,Backen & Desserts,Backmischungen,Dr.Oetker Pizzateig Italienischer Art Pikant 320G,"2,29 €","7,16 €/kg","inkl. MwSt., zzgl. 4.95 € Versandkosten.",lieferbar innerhalb von 2-5 Werktagen,2023-05-02 23:20:22.411565,Backmischung für Pizzateig italienischer Art,,"Verantwortliches Lebensmittelunternehmen:
Dr. August Oetker Nahrungsmittel KG, Lutterstraße 14, D-33617 Bielefeld","Zutatenverzeichnis: WEIZENMEHL, Palmfett, Backpulver (Glucono-delta-lacton, Natriumhydrogencarbonat), Zucker, Salz",1162,276,"6,6","4,4",46,"1,8","6,2","1,5",https://www.edeka24.de/Lebensmittel/Backen-Desserts/Backmischungen/Dr-Oetker-Pizzateig-Italienischer-Art-Pikant-320G.html,https://www.edeka24.de/out/pictures/generated/product/1/540_540_90/dr.oetkerpizzateigpikant.jpg
599,Lebensmittel,Backen & Desserts,Backmischungen,Dr.Oetker Backmischung Kirschli Kuchen 435G,"3,89 €","8,94 €/kg","inkl. MwSt., zzgl. 4.95 € Versandkosten.",lieferbar innerhalb von 2-5 Werktagen,2023-05-02 23:20:26.413862,Backmischung für Rührkuchen mit Kirschen und Schokoladenflocken,,"Verantwortliches Lebensmittelunternehmen:
DR. AUGUST OETKER NAHRUNGSMITTEL KG, 33547 Bielefeld","Zutatenverzeichnis: WEIZENMEHL, Zucker, 22% Schokoladenflocken dragiert (Zucker, Kakaomasse, fettarmes Kakaopulver, Kakaobutter, Emulgator (Lecithine), Glukosesirup), WEIZENSTÄRKE, Backpulver (Backtriebmittel Dinatriumdiphosphat und Natriumhydrogencarbonat), Stärke, Emulgatoren (E 475, E 471, E 433), Aroma, Verdickungsmittel (E 466), Kann enthalten: (HASELNÜSSE, MILCHBESTANDTEILE)",342,1429,18,"5,3",40,24,"4,8","0,55",https://www.edeka24.de/Lebensmittel/Backen-Desserts/Backmischungen/Dr-Oetker-Backmischung-Kirschli-Kuchen-435G.html,https://www.edeka24.de/out/pictures/generated/product/1/540_540_90/droetker_kirschli_kuchen.jpg
600,Lebensmittel,Backen & Desserts,Backmischungen,Bauckhof Demeter Bio Bauernbrot Vollkorn Backmischung 500G,"2,49 €","4,98 €/kg","inkl. MwSt., zzgl. 4.95 € Versandkosten.",lieferbar innerhalb von 2-5 Werktagen,2023-05-02 23:20:29.947937,Bio Backmischung für Weizenroggenvollkornbrot,Hinweis zur Aufbewahrung: Bitte kühl und trocken lagern.,"Verantwortliches Lebensmittelunternehmen:
Bauck GmbH, Duhenweitz 4 D-29571 Rosche","Zutatenverzeichnis: WEIZENVOLLKORNMEHL**, ROGGENVOLLKORNMEHL**, ROGGENVOLLKORN-SAUERTEIGPULVER*, Meersalz, geröstetes DINKELMEHL**. Kann produktionsbedingt Spuren von anderen GLUTENHALTIGEN GETREIDEARTEN und SESAM enthalten. **biologisch-dynamischer Anbau, *kontrolliert-biologischer Anbau",1358,321,"1,7","0,3",59,"0,8",10,"1,7",https://www.edeka24.de/Lebensmittel/Backen-Desserts/Backmischungen/Bauckhof-Demeter-Bio-Bauernbrot-Vollkorn-Backmischung-500G.html,https://www.edeka24.de/out/pictures/generated/product/1/540_540_90/demeter_bauckhof_backmischung_bauernbrot_vollkorn_500g.jpg
601,Lebensmittel,Backen & Desserts,Backmischungen,Dr. Oetker Schoko Muffins 345G,"3,29 €","9,54 €/kg","inkl. MwSt., zzgl. 4.95 € Versandkosten.",lieferbar innerhalb von 2-5 Werktagen,2023-05-02 23:20:33.819121,Backmischung,,"Verantwortliches Lebensmittelunternehmen:
Dr. August Oetker Nahrungsmittel KG, 33547 Bielefeld","Zutatenverzeichnis: WEIZENMEHL, Zucker, 23% Schokolade (Zucker, Kakaomasse, Kakaobutter, Emulgator (Lecithine)), 6,1% Kakaopulver, Oligofruktose, Backtriebmittel (Diphosphate, Natriumcarbonate), Reisstärke, Verdickungsmittel (Xanthan, Guarkernmehl), Aroma Vanillin, Emulgatoren (E 475, E 471, E 433). Kann enthalten: EI, MILCH, HASELNÜSSE. Rainforest Alliance-zertifizierter Kakao.",1940,465,27,"5,1",44,27,"5,2","0,71",https://www.edeka24.de/Lebensmittel/Backen-Desserts/Backmischungen/Dr-Oetker-Schoko-Muffins-345G.html,https://www.edeka24.de/out/pictures/generated/product/1/540_540_90/droetker_schoko_muffins_345g.jpg
602,Lebensmittel,Backen & Desserts,Backmischungen,Dr.Oetker Schokino-Kuchen 495G,"3,29 €","6,65 €/kg","inkl. MwSt., zzgl. 4.95 € Versandkosten.",lieferbar innerhalb von 2-5 Werktagen,2023-05-02 23:20:37.713170,-,,"Verantwortliches Lebensmittelunternehmen:
Dr. August Oetker Nahrungsmittel KG, D-33547 Bielefeld","Zutatenverzeichnis: WEIZENMEHL, Zucker, 18% kakaohaltige Fettglasur (Zucker, Palmfett, fettarmes Kakaopulver, MILCHZUCKER, Kakaomasse, Emulgator (Lecithine)), 11% Schokoladenflocken dragiert (Zucker, Kakaomasse, fettarmes Kakaopulver, Kakaobutter, Emulgator (Lecithine), Glukosesirup), WEIZENSTÄRKE, Backtriebmittel (Diphosphate, Natriumcarbonate), Reisstärke, Oligofruktose, Emulgatoren (E 475, E 471, E 433), Aroma Vanillin, Backmischung kann enthalten: (EI, SOJA, MILCH), kakaohaltige Fettglasur kann enthalten: (MILCHEIWEISS, HASELNÜSSE), Schokoladenflocken können enthalten: (WEIZEN, MILCH, HASELNÜSSE), Rainforest Alliance-zertifizierter Kakao.",1891,453,25,11,49,28,"7,5","0,65",https://www.edeka24.de/Lebensmittel/Backen-Desserts/Backmischungen/Dr-Oetker-Schokino-Kuchen-495G.html,https://www.edeka24.de/out/pictures/generated/product/1/540_540_90/130439004_oe.schokinokuchen480g.jpg
603,Lebensmittel,Backen & Desserts,Backmischungen,Alnatura Bio Sauerteig Extrakt 15G,"0,69 €","46,00 €/kg","inkl. MwSt., zzgl. 4.95 € Versandkosten.",lieferbar innerhalb von 2-5 Werktagen,2023-05-02 23:20:45.431962,-,Hinweis zur Aufbewahrung: Bitte trocken lagern und vor Wärme schützen.,"Verantwortliches Lebensmittelunternehmen:
Alnatura GmbH, Mahatma-Gandhi-Straße 7, 64295 Darmstadt","Zutatenverzeichnis: ROGGENVOLLKORNMEHL*, Starterkulturen *aus biologischer Landwirtschaft",1250,296,"1,8","0,5",52,"2,1",11,"0,01",https://www.edeka24.de/Lebensmittel/Backen-Desserts/Backmischungen/Alnatura-Bio-Sauerteig-Extrakt-15G.html,https://www.edeka24.de/out/pictures/generated/product/1/540_540_90/bio_alnatura_sauerteig_extrakt_15g.jpg
604,Lebensmittel,Backen & Desserts,Backmischungen,Dr.Oetker Backmischung Donauwelle 480G,"3,89 €","8,10 €/kg","inkl. MwSt., zzgl. 4.95 € Versandkosten.",lieferbar innerhalb von 2-5 Werktagen,2023-05-02 23:20:49.863249,"Backmischung für Rührteig mit Kirschen, 15% Cremepulver und kakaohaltiger Fettglasur",,"Verantwortliches Lebensmittelunternehmen:
DR. AUGUST OETKER NAHRUNGSMITTEL KG, 33547 Bielefeld","Zutatenverzeichnis: WEIZENMEHL, Zucker, 22% kakaohaltige Fettglasur (Zucker, Rapsöl, Palmfett, fettarmes Kakaopulver, MILCHZUCKER, SÜSSMOLKENPULVER, Emulgator (Lecithine)), ganz gehärtetes Kokosnussöl, WEIZENSTÄRKE, Glukosesirup, 1,5% fettarmes Kakaopulver, Backpulver (Backtriebmittel Dinatriumdiphosphat und Natriumhydrogencarbonat), Emulgator (E 472b), modifizierte Stärke, MILCHEIWEISS, Gelatine, Aroma (enthält MILCHZUCKER), Kann enthalten: (HASELNÜSSE, EI)",1424,341,21,12,33,22,"4,2","0,39",https://www.edeka24.de/Lebensmittel/Backen-Desserts/Backmischungen/Dr-Oetker-Backmischung-Donauwelle-480G.html,https://www.edeka24.de/out/pictures/generated/product/1/540_540_90/droetker_donauwellen.jpg
605,Lebensmittel,Backen & Desserts,Backmischungen,Dr.Oetker Backmischung für Käse-Sahne Torte 385G,"3,89 €","10,10 €/kg","inkl. MwSt., zzgl. 4.95 € Versandkosten.",lieferbar innerhalb von 2-5 Werktagen,2023-05-02 23:20:53.054243,-,,"Verantwortliches Lebensmittelunternehmen:
Dr. August Oetker Nahrungsmittel KG, Lutterstraße 14, D-33617 Bielefeld","Zutatenverzeichnis: Zucker, WEIZENMEHL, WEIZENSTÄRKE, Gelatine, modifizierte Stärke, 2,5% Puderzucker, Backpulver (Backtriebmittel Dinatriumdiphosphat, Natriumhydrogencarbonat), Reisstärke, Emulgatoren (E 475, E 471, E 433), Säuerungsmittel Citronensäure, Aroma, Verdickungsmittel E 466. Kann enthalten: EI, MILCH.",1002,240,15,"6,6",20,15,"6,6","0,47",https://www.edeka24.de/Lebensmittel/Backen-Desserts/Backmischungen/Dr-Oetker-Backmischung-fuer-Kaese-Sahne-Torte-385G.html,https://www.edeka24.de/out/pictures/generated/product/1/540_540_90/droetker_backmischung_ksesahne_torte.jpg
606,Lebensmittel,Backen & Desserts,Backmischungen,Dr.Oetker Backmischung Mandarinen Schmand Kuchen 460G,"3,89 €","8,46 €/kg","inkl. MwSt., zzgl. 4.95 € Versandkosten.",lieferbar innerhalb von 2-5 Werktagen,2023-05-02 23:20:56.972033,Backmischung für Mandarinen Schmand Kuchen,,"Verantwortliches Lebensmittelunternehmen:
DR. AUGUST OETKER NAHRUNGSMITTEL KG, 33547 Bielefeld","Zutatenverzeichnis: WEIZENMEHL, Zucker, modifizierte Stärke, WEIZENSTÄRKE, Backpulver (Backtriebmittel Dinatriumdiphosphat, Natriumhydrogencarbonat), Geliermittel (Carrageen), Stabilisatoren (Diphosphate, Natriumphosphate), Aroma (enthält MILCHPULVER), Farbstoff (Carotin)",250,1047,11,"7,8",33,20,"2,7","0,28",https://www.edeka24.de/Lebensmittel/Backen-Desserts/Backmischungen/Dr-Oetker-Backmischung-Mandarinen-Schmand-Kuchen-460G.html,https://www.edeka24.de/out/pictures/generated/product/1/540_540_90/droetker_mandarinen_schmand_kuchen.jpg
607,Lebensmittel,Backen & Desserts,Backmischungen,Dr.Oetker Tassenküchlein Schoko 55G,"1,19 €","21,64 €/kg","inkl. MwSt., zzgl. 4.95 € Versandkosten.",lieferbar innerhalb von 2-5 Werktagen,2023-05-02 23:21:01.196581,Kuchenmischung für 1 Schoko Küchlein,,"Verantwortliches Lebensmittelunternehmen:
DR. AUGUST OETKER NAHRUNGSMITTEL KG, 33547 Bielefeld","Zutatenverzeichnis: Zucker, WEIZENMEHL, 9,0% Schokolade (Zucker, Kakaomasse, fettarmes Kakaopulver, Kakaobutter, Emulgator (Lecithine)), 6,5% fettarmes Kakaopulver, HÜHNEREIEIWEISSPULVER, modifizierte Stärke, Emulgatoren (E 472b, E 472a), Backpulver (Backtriebmittel Dinatriumdiphosphat, Natriumhydrogencarbonat), Glukosesirup, MAGERMILCHPULVER, Aroma Vanillin, Kann Spuren von HASELNÜSSEN enthalten",1043,247,"3,4","2,1",46,34,"6,2","0,46",https://www.edeka24.de/Lebensmittel/Backen-Desserts/Backmischungen/Dr-Oetker-Tassenkuechlein-Schoko-55G.html,https://www.edeka24.de/out/pictures/generated/product/1/540_540_90/tassenkchleinschoko.jpg
608,Lebensmittel,Backen & Desserts,Backmischungen,Bauckhof Bio glutenfreies Schwarzbrot Backmischung 500G,"4,29 €","8,58 €/kg","inkl. MwSt., zzgl. 4.95 € Versandkosten.",lieferbar innerhalb von 2-5 Werktagen,2023-05-02 23:21:04.889853,Backmischung für Reisbrot,Hinweis zur Aufbewahrung: Bitte kühl und trocken lagern.,"Verantwortliches Lebensmittelunternehmen:
Bauck GmbH, Duhenweitz 4 29571 Rosche","Zutatenverzeichnis: Reisvollkornmehl* 36%, Sonnenblumenkerne*, Maisstärke*, Leinsaat* geschrotet, Leinsaat*, Buchweizen-Sauerteigpulver* (Buchweizenmehl*, Quinoamehl*, Starterkulturen), Meersalz, Reissiruppulver*, Karamellpulver*, Maltodextrin*, Verdickungsmittel: Guarkernmehl*. *aus kontrolliert biologischem Anbau",1786,427,19,"2,3",46,"2,8","13,2","1,9",https://www.edeka24.de/Lebensmittel/Backen-Desserts/Backmischungen/Bauckhof-Bio-glutenfreies-Schwarzbrot-Backmischung-500G.html,https://www.edeka24.de/out/pictures/generated/product/1/540_540_90/bio_bauckhof_schwarzbrot_glutenfrei_500g.jpg
609,Lebensmittel,Backen & Desserts,Backmischungen,Dr.Oetker Mini Muffins 280G,"3,29 €","11,75 €/kg","inkl. MwSt., zzgl. 4.95 € Versandkosten.",lieferbar innerhalb von 2-5 Werktagen,2023-05-02 23:21:08.017947,-,,"Verantwortliches Lebensmittelunternehmen:
Dr. August Oetker Nahrungsmittel KG, D-33547 Bielefeld","Zutatenverzeichnis: WEIZENMEHL, 25% Schokolade (Zucker, Kakaomasse, Kakaobutter, Emulgator (Lecithine)), Zucker, WEIZENSTÄRKE, Oligofruktose, Dextrose, Backtriebmittel (Diphosphate, Natriumcarbonate), Verdickungsmittel (Guarkernmehl, Xanthan), Aroma Vanillin, Reisstärke, Emulgatoren (E 475, E 471, E 433). Kann enthalten: EI, MILCH, HASELNÜSSE. Rainforest Alliance zertifizierter Kakao.",2090,501,31,"5,1",46,26,"7,5","0,60",https://www.edeka24.de/Lebensmittel/Backen-Desserts/Backmischungen/Dr-Oetker-Mini-Muffins-280G.html,https://www.edeka24.de/out/pictures/generated/product/1/540_540_90/droetker_mini_muffins_280g.jpg
610,Lebensmittel,Backen & Desserts,Backmischungen,Dr.Oetker Tassenküchlein Schokino 50G,"1,19 €","23,80 €/kg","inkl. MwSt., zzgl. 4.95 € Versandkosten.",lieferbar innerhalb von 2-5 Werktagen,2023-05-02 23:21:10.746536,Kuchenmischung für 1 Küchlein mit Schokostückchen,,"Verantwortliches Lebensmittelunternehmen:
DR. AUGUST OETKER NAHRUNGSMITTEL KG, 33547 Bielefeld","Zutatenverzeichnis: Zucker, WEIZENMEHL, 10% Schokoladenstückchen (Zucker, Kakaomasse, Kakaobutter, Emulgator (Lecithine)), HÜHNEREIEIWEISSPULVER, Stärke, modifizierte Stärke, Backpulver (Backtriebmittel Dinatriumdiphosphat und Natriumhydrogencarbonat), Aroma (enthält MILCH), Emulgatoren (E 475, E 471, E 433), Verdickungsmittel (Xanthan), Farbstoff (Carotin), Kann enthalten: (HASELNÜSSE)",996,235,"2,9","1,8",45,27,"6,6","0,57",https://www.edeka24.de/Lebensmittel/Backen-Desserts/Backmischungen/Dr-Oetker-Tassenkuechlein-Schokino-50G.html,https://www.edeka24.de/out/pictures/generated/product/1/540_540_90/oetktassenkuechlschokino_50g.jpg
611,Lebensmittel,Backen & Desserts,Backmischungen,Dr.Oetker Gustin Feine Speisestärke 400G,"2,39 €","5,98 €/kg","inkl. MwSt., zzgl. 4.95 € Versandkosten.",lieferbar innerhalb von 2-5 Werktagen,2023-05-02 23:21:13.844149,-,,"Verantwortliches Lebensmittelunternehmen:
Dr. August Oetker Nahrungsmittel KG, Lutterstraße 14, D-33617 Bielefeld",Zutatenverzeichnis: Stärke,1487,350,"0,1",0,87,0,"0,4","0,15",https://www.edeka24.de/Lebensmittel/Backen-Desserts/Backmischungen/Dr-Oetker-Gustin-Feine-Speisestaerke-400G.html,https://www.edeka24.de/out/pictures/generated/product/1/540_540_90/4000521191009.jpg
612,Lebensmittel,Backen & Desserts,Backmischungen,Ruf Unser Hefeteig 400G,"1,39 €","3,48 €/kg","inkl. MwSt., zzgl. 4.95 € Versandkosten.",lieferbar innerhalb von 2-5 Werktagen,2023-05-02 23:21:16.877803,Grundmischung für einen Hefeteig,Hinweis zur Aufbewahrung: Bei Raumtemperatur und trocken lagern.,"Verantwortliches Lebensmittelunternehmen:
RUF Lebensmittelwerk KG, D-49610 Quakenbrück","Zutatenverzeichnis: Grundmischung: WEIZENMEHL, Zucker, MAGERMILCHPULVER, Speisesalz, Aroma. Trockenbackhefe (1,8 %): Hefe, Emulgator E 491.Kann Spuren von EI, SOJA und SCHALENFRÜCHTEN enthalten.",1400,332,"9,4","2,4",54,12,"7,3","0,45",https://www.edeka24.de/Lebensmittel/Backen-Desserts/Backmischungen/Ruf-Unser-Hefeteig-400G.html,https://www.edeka24.de/out/pictures/generated/product/1/540_540_90/ruf_hefeteig_400g.jpg
613,Lebensmittel,Backen & Desserts,Backmischungen,Bauckhof Bio glutenfreies Schnellbrot mit Brotgewürz Backmischung 500G,"4,79 €","9,58 €/kg","inkl. MwSt., zzgl. 4.95 € Versandkosten.",lieferbar innerhalb von 2-5 Werktagen,2023-05-02 23:21:19.989377,Backmischung für Reisbrot mit Brotgewürz,Hinweis zur Aufbewahrung: Bitte kühl und trocken lagern.,"Verantwortliches Lebensmittelunternehmen:
Bauck GmbH, Duhenweitz 4, 29571 Rosche","Zutatenverzeichnis: Reisvollkornmehl* 34%, Maisstärke*, Reisvollkornflocken* 20%, Teffvollkornmehl*, Buchweizen-Sauerteigpulver* (Buchweizenmehl*, Quinoamehl*, Starterkulturen), Buchweizenvollkornmehl*, Verdickungsmittel: Johannisbrotkernmehl*, geschrotete Brotgewürzmischung* 2% (Koriander*, Kümmel*, Fenchel*), Backpulver (Backtriebmittel: Natriumhydrogencarbonat, Säuerungsmittel: Monokaliumtartrat, Maisstärke*) Meersalz, Verdickungsmittel:Xanthan. *aus kontrolliert biologischem Anbau",1433,338,2,"0,5",70,"1,5","6,9","2,4",https://www.edeka24.de/Lebensmittel/Backen-Desserts/Backmischungen/Bauckhof-Bio-glutenfreies-Schnellbrot-mit-Brotgewuerz-Backmischung-500G.html,https://www.edeka24.de/out/pictures/generated/product/1/540_540_90/bio_bauckhof_schnellbrot_backmischung_500g.jpg
614,Lebensmittel,Backen & Desserts,Backmischungen,Schär Backmischung Bauernbrot mit Sauerteig 450G,"3,79 €","8,42 €/kg","inkl. MwSt., zzgl. 4.95 € Versandkosten.",lieferbar innerhalb von 2-5 Werktagen,2023-05-02 23:21:23.128849,Glutenfreie Backmischung für Bauernbrot. Speziell formuliert für Menschen mit Glutenunverträglichkeit.,Hinweis zur Aufbewahrung: Bei Raumtemperatur trocken lagern.,"Verantwortliches Lebensmittelunternehmen:
Dr. Schär AG/SPA, Winkelau 9, 39014 Burgstall/Postal (BZ) Italy","Zutatenverzeichnis: Maisstärke, Reismehl, Sorghummehl, Buchweizenmehl, Leinsamenmehl, Quinoamehl, Verdickungsmittel: Guarkernmehl, Xanthan; Sauerteig 3,5% (Buchweizen, Quinoa), Flohsamenschalen (Plantago Psyllium). Kann Spuren von SOJA enthalten.",1439,341,2,"0,3",68,"0,8","6,6","0,1",https://www.edeka24.de/Lebensmittel/Backen-Desserts/Backmischungen/Schaer-Backmischung-Bauernbrot-mit-Sauerteig-450G.html,https://www.edeka24.de/out/pictures/generated/product/1/540_540_90/drschamp228r_backmischung_bauernbrot_450g.jpg
615,Lebensmittel,Backen & Desserts,Backmischungen,Dr.Oetker Backmischung Maulwurfkuchen 435G,"3,89 €","8,94 €/kg","inkl. MwSt., zzgl. 4.95 € Versandkosten.",lieferbar innerhalb von 2-5 Werktagen,2023-05-02 23:21:25.928391,"Backmischung für dunklen Rührkuchen mit Sahnecreme, Schokoladenflocken und Bananen",,"Verantwortliches Lebensmittelunternehmen:
Dr. August Oetker Nahrungsmittel KG, Lutterstraße 14, D-33617 Bielefeld","Zutatenverzeichnis: Zucker, WEIZENMEHL, 13% Schokoladenflocken dragiert (Zucker, Kakaomasse, fettarmes Kakaopulver, Kakaobutter, Emulgator Lecithine, Glukosesirup), WEIZENSTÄRKE, 3,4% fettarmes Kakaopulver, Dextrose, Backpulver (Backtriebmittel Dinatriumdiphosphat und Natriumhydrogencarbonat), Gelatine, Reisstärke, modifizierte Stärke, Emulgatoren (E 475, E 471, E 433), Aroma, Verdickungsmittel E 466, Kann Spuren von HASELNÜSSEN und MILCHBESTANDTEILEN enthalten",1161,279,18,"8,5",26,18,"3,5","0,44",https://www.edeka24.de/Lebensmittel/Backen-Desserts/Backmischungen/Dr-Oetker-Backmischung-Maulwurfkuchen-435G.html,https://www.edeka24.de/out/pictures/generated/product/1/540_540_90/droetker_backmischung_maulwurfkuchen.jpg
616,Lebensmittel,Backen & Desserts,Backmischungen,Dr.Oetker Backmischung Schoko-Wolke 455G,"3,39 €","7,45 €/kg","inkl. MwSt., zzgl. 4.95 € Versandkosten.",lieferbar innerhalb von 2-5 Werktagen,2023-05-02 23:21:28.721429,Kuchenbackmischung für Schokoladenrührkuchen,,"Verantwortliches Lebensmittelunternehmen:
Dr. August Oetker Nahrungsmittel KG, Lutterstraße 14, D-33617 Bielefeld","Zutatenverzeichnis: Zucker, WEIZENMEHL, WEIZENSTÄRKE, 8,1% fettarmes Kakaopulver, 5,4% Schokolade (Zucker, Kakaomasse, fettarmes Kakaopulver, Kakaobutter, Emulgator (Lecithine)), Glukosesirup, Puderzucker, Backpulver (Backtriebmittel Dinatriumdiphosphat, Natriumhydrogencarbonat, Glucono-delta-lacton), Emulgatoren (E 472b, E 472a), HÜHNEREIEIWEISSPULVER, MAGERMILCHPULVER, Verdickungsmittel (Xanthan), Aroma Vanillin, Kann Spuren von HASELNÜSSEN enthalten",1467,350,14,"7,4",48,33,"6,8",1,https://www.edeka24.de/Lebensmittel/Backen-Desserts/Backmischungen/Dr-Oetker-Backmischung-Schoko-Wolke-455G.html,https://www.edeka24.de/out/pictures/generated/product/1/540_540_90/4000521004804_41.jpg
617,Lebensmittel,Backen & Desserts,Backmischungen,Dr.Oetker Backmischung Zitronen-Wolke 430G,"3,39 €","7,88 €/kg","inkl. MwSt., zzgl. 4.95 € Versandkosten.",lieferbar innerhalb von 2-5 Werktagen,2023-05-02 23:21:32.000383,Kuchenbackmischung für Zitronen-Rührkuchen,,"Verantwortliches Lebensmittelunternehmen:
Dr. August Oetker Nahrungsmittel KG, Lutterstraße 14, D-33617 Bielefeld","Zutatenverzeichnis: Zucker, WEIZENMEHL, WEIZENSTÄRKE, Glukosesirup, Puderzucker, Backpulver (Backtriebmittel Dinatriumdiphosphat, Natriumhydrogencarbonat, Glucono-delta-lacton), Zitronenfruchtpulver, HÜHNEREIEIWEISSPULVER, MAGERMILCHPULVER, natürliches Zitronen Aroma, Emulgatoren (E 472b, E 472a), Verdickungsmittel (Xanthan)",1307,311,11,6,47,27,"5,1","0,91",https://www.edeka24.de/Lebensmittel/Backen-Desserts/Backmischungen/Dr-Oetker-Backmischung-Zitronen-Wolke-430G.html,https://www.edeka24.de/out/pictures/generated/product/1/540_540_90/droetker_backmischung_zitronenwolke.jpg
618,Lebensmittel,Backen & Desserts,Backmischungen,Dr. Oetker Gugelhupf 525G,"3,29 €","6,27 €/kg","inkl. MwSt., zzgl. 4.95 € Versandkosten.",lieferbar innerhalb von 2-5 Werktagen,2023-05-02 23:21:35.390890,-,,"Verantwortliches Lebensmittelunternehmen:
Dr. August Oetker Nahrungsmittel KG, D-33547 Bielefeld","Zutatenverzeichnis: Zutaten: WEIZENMEHL, Zucker, 14% kakaohaltige Fettglasur (Zucker, Palmfett, fettarmes Kakaopulver, MILCHZUCKER, Kakaomasse, Emulgator (Lecithine)), WEIZENSTÄRKE, Backtriebmittel (Diphosphate, Natriumcarbonate), Oligofruktose, Reisstärke, Emulgatoren (E 475, E 471, E 433), Verdickungsmittel (E 466), Aroma Vanillin. Kann enthalten: EI, MILCHEIWEISS, HASELNÜSSE. Rainforest Alliance-zertifizierter Kakao. Mehr dazu unter ra.org..",1757,420,22,"8,7",46,22,"8,3","0,31",https://www.edeka24.de/Lebensmittel/Backen-Desserts/Backmischungen/Dr-Oetker-Gugelhupf-525G.html,https://www.edeka24.de/out/pictures/generated/product/1/540_540_90/dr_oetker_gugelhupf_525g.jpg
619,Lebensmittel,Backen & Desserts,Backmischungen,RUF Unser Regenbogenkuchen 840G,"3,99 €","4,75 €/kg","inkl. MwSt., zzgl. 4.95 € Versandkosten.",lieferbar innerhalb von 2-5 Werktagen,2023-05-02 23:21:38.879333,Backmischung für einen bunten Blechkuchen mit Zuckerglasur und Zuckerstreuseln,,"Verantwortliches Lebensmittelunternehmen:
RUF Lebensmittelwerk KG, D-49610 Quakenbrück","Zutatenverzeichnis: Backmischung: WEIZENMEHL, Zucker, Backpulver (Säuerungsmittel Diphosphate, Backtriebmittel Natriumhydrogencarbonat), Aroma. Zuckerglasur: Zucker, Säuerungsmittel Citronensäure. Bunte Zuckerstreusel (2,4 %): Zucker, Kokosfett, Glukosesirup, Farbstoffe (Kurkumin, Echtes Karmin, Patentblau V, Indigotin, Carotin, Eisenoxide und Eisenhydroxide), Überzugsmittel Talkum. Farbmix Pink: Zucker, Stärke, Farbstoff Echtes Karmin, Aroma. Farbmix Grün: Zucker, Stärke, Farbstoff Kupferkomplexe der Chlorophylle und Chlorophylline.Kann Spuren von SCHALENFRÜCHTEN, EI, MILCH und SOJA enthalten.",394,1653,16,2,58,38,"4,7","0,63",https://www.edeka24.de/Lebensmittel/Backen-Desserts/Backmischungen/RUF-Unser-Regenbogenkuchen-840G.html,https://www.edeka24.de/out/pictures/generated/product/1/540_540_90/ruf_unser_regenbogenkuchen_840g.jpg
620,Lebensmittel,Backen & Desserts,Backmischungen,Bauckhof Demeter Bio 6-Korn Brot Backmischung 500G,"3,29 €","6,58 €/kg","inkl. MwSt., zzgl. 4.95 € Versandkosten.",lieferbar innerhalb von 2-5 Werktagen,2023-05-02 23:21:42.082332,Bio Backmischung für 6-Korn-Brot,Hinweis zur Aufbewahrung: Bitte kühl und trocken lagern.,"Verantwortliches Lebensmittelunternehmen:
Bauck GmbH, Duhenweitz 4, 29571 Rosche","Zutatenverzeichnis: WEIZENVOLLKORNMEHL**48%, ROGGENVOLLKORNMEHL**10%, WEIZENMEHL Type 1050**8%, HAFERVOLLKORNFLOCKEN** 8%, SESAM**, Reisvollkornflocken**5%, GERSTENVOLLKORNFLOCKEN**5%, ROGGENVOLLKORN- SAUERTEIGPULVER* 3,5% (ROGGENVOLLKORNMEHL*, Starterkulturen), DINKELVOLLKORNFLOCKEN** 3%, geröstetes DINKELMEHL** 2%, Meersalz. Kann produktionsbedingt Spuren von anderen GLUTENHALTIGEN GETREIDEARTEN enthalten. *aus kontrolliert biologischem Anbau ** aus biologisch-dynamischem Anbau",1460,346,"5,3","0,9",58,"0,8",12,"1,8",https://www.edeka24.de/Lebensmittel/Backen-Desserts/Backmischungen/Bauckhof-Demeter-Bio-6-Korn-Brot-Backmischung-500G.html,https://www.edeka24.de/out/pictures/generated/product/1/540_540_90/bauckhof6-kornbrot.jpg
621,Lebensmittel,Backen & Desserts,Backmischungen,Dr.Oetker Backmischung Tarte au Chocolat 470G,"3,89 €","8,28 €/kg","inkl. MwSt., zzgl. 4.95 € Versandkosten.",lieferbar innerhalb von 2-5 Werktagen,2023-05-02 23:21:45.465538,Backmischung für Schokoladen-Kuchen,,"Verantwortliches Lebensmittelunternehmen:
Dr. August Oetker Nahrungsmittel KG, Lutterstraße 14, D-33617 Bielefeld","Zutatenverzeichnis: Zucker, 21% Schokolade (Zucker, Kakaomasse, fettarmes Kakaopulver, Kakaobutter, Emulgator (Lecithine)), 20% Schokoladenpulver (Zucker, 32% Kakaopulver), WEIZENMEHL, 5,6% zerkleinerte Kakaobohnen, pflanzliche Fette (Palm, Raps), Backpulver (Backtriebmittel Dinatriumdiphosphat und Natriumhydrogencarbonat), Emulgator SOJALECITHINE, Salz, Kann Spuren von ERDNÜSSEN, HASELNÜSSEN und MILCHBESTANDTEILEN enthalten",481,2002,31,18,42,33,"6,9","0,56",https://www.edeka24.de/Lebensmittel/Backen-Desserts/Backmischungen/Dr-Oetker-Backmischung-Tarte-au-Chocolat-470G.html,https://www.edeka24.de/out/pictures/generated/product/1/540_540_90/droetker_backmischung_tarte_au_chocolat.jpg
622,Lebensmittel,Backen & Desserts,Backmischungen,Dr.Oetker Backmischung Marmor-Wolke 455G,"3,39 €","7,45 €/kg","inkl. MwSt., zzgl. 4.95 € Versandkosten.",lieferbar innerhalb von 2-5 Werktagen,2023-05-02 23:21:49.767278,Kuchenbackmischung für Marmorrührkuchen,,"Verantwortliches Lebensmittelunternehmen:
Dr. August Oetker Nahrungsmittel KG, Lutterstraße 14, D-33617 Bielefeld","Zutatenverzeichnis: Zucker, WEIZENMEHL, WEIZENSTÄRKE, Glukosesirup, Puderzucker, 2,6% fettarmes Kakaopulver, Backpulver (Backtriebmittel Dinatriumdiphosphat, Natriumhydrogencarbonat, Glucono-delta-lacton), Emulgatoren (E 472b, E 472a), HÜHNEREIEIWEISSPULVER, MAGERMILCHPULVER, Verdickungsmittel (Xanthan), Aroma Vanillin",341,1434,12,"6,5",51,31,"5,8",1,https://www.edeka24.de/Lebensmittel/Backen-Desserts/Backmischungen/Dr-Oetker-Backmischung-Marmor-Wolke-455G.html,https://www.edeka24.de/out/pictures/generated/product/1/540_540_90/droetker_backmischung_marmorwolke.jpg
623,Lebensmittel,Backen & Desserts,Backmischungen,Bauckhof Demeter Bio Dinkelbrot Backmichung Vollkorn 500G,"3,29 €","6,58 €/kg","inkl. MwSt., zzgl. 4.95 € Versandkosten.",lieferbar innerhalb von 2-5 Werktagen,2023-05-02 23:21:53.554985,Bio Backmischung für Dinkelvollkornbrot,Hinweis zur Aufbewahrung: Bitte kühl und trocken lagern.,"Verantwortliches Lebensmittelunternehmen:
Bauck GmbH, Duhenweitz 4, 29571 Rosche","Zutatenverzeichnis: DINKELVOLLKORNMEHL** 84%, ROGGENVOLLKORNMEHL**, DINKELVOLLKORN-SAUERTEIGPULVER* 3% (DINKELVOLLKORNMEHL*, Starterkulturen), geröstetes DINKELMEHL** 2%, Meersalz. Kann produktionsbedingt Spuren von anderen GLUTENHALTIGEN GETREIDEARTEN und SESAM enthalten. *aus kontrolliert biologischem Anbau ** aus biologisch-dynamischem Anbau",1423,337,"1,7","0,2",59,"0,7",16,"1,8",https://www.edeka24.de/Lebensmittel/Backen-Desserts/Backmischungen/Bauckhof-Demeter-Bio-Dinkelbrot-Backmichung-Vollkorn-500G.html,https://www.edeka24.de/out/pictures/generated/product/1/540_540_90/bauckhofdinkelbrot.jpg
624,Lebensmittel,Backen & Desserts,Backmischungen,Bauckhof Bio Wunderbrod Backmischung 600G,"4,79 €","7,98 €/kg","inkl. MwSt., zzgl. 4.95 € Versandkosten.",lieferbar innerhalb von 2-5 Werktagen,2023-05-02 23:21:56.888709,"Bio Brotbackmischung für glutenfreies Hafervollkornbrot mit 36,5% Hafervollkornflocken und 59% Saaten",Hinweis zur Aufbewahrung: Bitte kühl und trocken lagern.,"Verantwortliches Lebensmittelunternehmen:
Bauck GmbH, Duhenweitz 4, 29571 Rosche","Zutatenverzeichnis: Hafervollkornflocken* glutenfrei, Kürbiskerne*, Sonnenblumenkerne*, geschrotete Leinsaat*, SESAM*, Leinsaat*, Chiasamen (Salvia Hispanica), Hirsevollkornflocken*, gemahlene Flohsamenschalen*, Meersalz. *aus kontrolliert biologischem Anbau",1189,286,17,"2,4",17,"0,5",12,"0,91",https://www.edeka24.de/Lebensmittel/Backen-Desserts/Backmischungen/Bauckhof-Bio-Wunderbrod-Backmischung-600G.html,https://www.edeka24.de/out/pictures/generated/product/1/540_540_90/bauckhof_bio_wunderbrod_backmischung_600g.jpg
625,Lebensmittel,Backen & Desserts,Backmischungen,Bauckhof Bio Flammkuchen 400G,"3,19 €","7,98 €/kg","inkl. MwSt., zzgl. 4.95 € Versandkosten.",lieferbar innerhalb von 2-5 Werktagen,2023-05-02 23:22:01.655887,"Bio Flammkuchen, Backmischung",Hinweis zur Aufbewahrung: Bitte kühl und trocken lagern.,"Verantwortliches Lebensmittelunternehmen:
Bauck GmbH, Duhenweitz 4, 29571 Rosche","Zutatenverzeichnis: HAFERMEHL* glutenfrei, Reismehl*, Maisstärke*, Hirsevollkornmehl*, gemahlene Flohsamenschalen*, Meersalz, Verdickungsmittel: Xanthan *aus kontrolliert ökologischer Erzeugung",1487,351,"2,5","0,5",73,"0,4","6,5","1,4",https://www.edeka24.de/Lebensmittel/Backen-Desserts/Backmischungen/Bauckhof-Bio-Flammkuchen-400G.html,https://www.edeka24.de/out/pictures/generated/product/1/540_540_90/bauckhofflammkuchen.jpg
626,Lebensmittel,Backen & Desserts,Backmischungen,Schär Mix Brot 1KG,"4,29 €","4,29 €/kg","inkl. MwSt., zzgl. 4.95 € Versandkosten.",lieferbar innerhalb von 2-5 Werktagen,2023-05-02 23:22:05.915000,Glutenfreie Mehlmischung für Brot. Speziell formuliert für Menschen mit Glutenunverträglichkeit.,Hinweis zur Aufbewahrung: Bei Raumtemperatur trocken lagern.,"Verantwortliches Lebensmittelunternehmen:
Dr. Schär AG/SPA, Winkelau 9, 39014 Burgstall/Postal (BZ) Italy","Zutatenverzeichnis: Maisstärke, Reismehl, pflanzliche Faser (Psyllium, Bambus), Vollreismehl 3,8%, Linsenmehl 3,6%, Dextrose, Verdickungsmittel: Hydroxypropylmethylcellulose; Salz. Kann Spuren von SOJA enthalten.",1429,337,"0,6","0,3",78,"2,6","2,6","0,73",https://www.edeka24.de/Lebensmittel/Backen-Desserts/Backmischungen/Schaer-Mix-Brot-1KG.html,https://www.edeka24.de/out/pictures/generated/product/1/540_540_90/schamp228r_brot_mix_mix_b_glutenfrei_1kg.jpg
627,Lebensmittel,Backen & Desserts,Backmischungen,Dr.Oetker Zitronen Muffins 455G,"3,29 €","7,23 €/kg","inkl. MwSt., zzgl. 4.95 € Versandkosten.",lieferbar innerhalb von 2-5 Werktagen,2023-05-02 23:22:09.469130,Backmischung für Rührteig Zitrone für 12 Muffins,,"Verantwortliches Lebensmittelunternehmen:
Dr. August Oetker Nahrungsmittel KG, 33547 Bielefeld","Zutatenverzeichnis: WEIZENMEHL, Zucker, Puderzucker, MILCHZUCKER, WEIZENSTÄRKE, Dextrose, modifizierte Stärke, Backtriebmittel (Diphosphate, Natriumcarbonate), Oligofruktose, Zitronenfruchtpulver, natürlichesZitronen Aroma, Säuerungsmittel (Citronensäure), Reisstärke, Verdickungsmittel (Guarkernmehl, Xanthan), Emulgatoren (E 475, E 471, E433). Kann enthalten: EI, MILCHEIWEISS.",1724,411,18,"1,8",55,36,"6,5","0,59",https://www.edeka24.de/Lebensmittel/Backen-Desserts/Backmischungen/Dr-Oetker-Zitronen-Muffins-455G.html,https://www.edeka24.de/out/pictures/generated/product/1/540_540_90/droetker_zitronen_muffins_455g.jpg
628,Lebensmittel,Backen & Desserts,Backzutaten & Dekor,EDEKA Raspel Schokolade edelzartbitter 100G,"1,39 €","13,90 €/kg","inkl. MwSt., zzgl. 4.95 € Versandkosten.",lieferbar innerhalb von 2-5 Werktagen,2023-05-02 23:22:14.454286,Raspelschokolade mit 60% Kakao,,"Verantwortliches Lebensmittelunternehmen:
EDEKA ZENTRALE Stiftung & Co. KG, D-22291 Hamburg","Zutatenverzeichnis: Kakaomasse, Zucker, Kakaobutter, Emulgator: Lecithine. Das Produkt kann Spuren von SOJA, MILCH und SCHALENFRÜCHTEN enthalten.",2152,517,32,"20,2","43,2","39,2","8,4","0,03",https://www.edeka24.de/Lebensmittel/Backen-Desserts/Backzutaten-Dekor/EDEKA-Raspel-Schokolade-edelzartbitter-100G.html,https://www.edeka24.de/out/pictures/generated/product/1/540_540_90/edeka_raspel_schokolade_edelzartbitter.jpg
629,Lebensmittel,Backen & Desserts,Backzutaten & Dekor,Dr.Oetker Happy Birthday Kerzen 8 Farben 13 Buchstaben,"1,80 €","1,80 €/st","inkl. MwSt., zzgl. 4.95 € Versandkosten.",lieferbar innerhalb von 2-5 Werktagen,2023-05-02 23:22:18.023487,"Die Happy Birthday Kerzen lassen Kuchen, Torten und Kleingebäck am schönsten Tag des Jahres hell erstrahlen. Die 13 bunten Kerzen befinden sich auf Stäbchen, die Sie zum Dekorieren ganz einfach auf Ihr Gebackenes stecken können.",,"Verantwortliches Lebensmittelunternehmen:
DR. AUGUST OETKER NAHRUNGSMITTEL KG, 33547 Bielefeld",,,,,,,,,,https://www.edeka24.de/Lebensmittel/Backen-Desserts/Backzutaten-Dekor/Dr-Oetker-Happy-Birthday-Kerzen-8-Farben-13-Buchstaben.html,https://www.edeka24.de/out/pictures/generated/product/1/540_540_90/droetker_happy_birthday_kerzen.jpg
630,Lebensmittel,Backen & Desserts,Backzutaten & Dekor,EDEKA Raspel Schokolade Vollmilch 100G,"1,39 €","13,90 €/kg","inkl. MwSt., zzgl. 4.95 € Versandkosten.",lieferbar innerhalb von 2-5 Werktagen,2023-05-02 23:22:21.623407,Raspel Schokolade aus Vollmilchschokolade,Hinweis zur Aufbewahrung: Vor Wärme geschützt und trocken lagern.,"Verantwortliches Lebensmittelunternehmen:
EDEKA ZENTRALE Stiftung & Co. KG, D-22291 Hamburg","Zutatenverzeichnis: Zucker, 22% VOLLMILCHPULVER, Kakaomasse, Kakaobutter, fettarmes Kakaopulver, Emulgator: Lecithine. Das Produkt kann Spuren von SOJA und SCHALENFRÜCHTEN enthalten.",2154,516,"28,1","16,8","54,6","52,5",8,"0,2",https://www.edeka24.de/Lebensmittel/Backen-Desserts/Backzutaten-Dekor/EDEKA-Raspel-Schokolade-Vollmilch-100G.html,https://www.edeka24.de/out/pictures/generated/product/1/540_540_90/edeka_raspel_schokolade_vollmilch_100g.jpg
631,Lebensmittel,Backen & Desserts,Backzutaten & Dekor,EDEKA Rum Rosinen ungeschwefelt 125G,"1,69 €","13,52 €/kg","inkl. MwSt., zzgl. 4.95 € Versandkosten.",lieferbar innerhalb von 2-5 Werktagen,2023-05-02 23:22:25.222384,-,Hinweis zur Aufbewahrung: Vor Wärme geschützt und trocken lagern.,"Verantwortliches Lebensmittelunternehmen:
EDEKA ZENTRALE Stiftung & Co. KG, D-22291 Hamburg","Zutatenverzeichnis: Rosinen, 20% echter Jamaika-Rum.",269,1137,"0,7","0,2",54,54,2,"0,01",https://www.edeka24.de/Lebensmittel/Backen-Desserts/Backzutaten-Dekor/EDEKA-Rum-Rosinen-ungeschwefelt-125G.html,https://www.edeka24.de/out/pictures/generated/product/1/540_540_90/edeka_rum_rosinen.jpg
632,Lebensmittel,Backen & Desserts,Backzutaten & Dekor,Coppenrath Torteletts 200G,"1,89 €","9,45 €/kg","inkl. MwSt., zzgl. 4.95 € Versandkosten.",lieferbar innerhalb von 2-5 Werktagen,2023-05-02 23:22:29.229455,Mürbegebäck Torteletts,Hinweis zur Aufbewahrung: Trocken lagern und vor Wärme schützen.,"Verantwortliches Lebensmittelunternehmen:
Coppenrath Feingebäck GmbH, 49744 Geeste","Zutatenverzeichnis: WEIZENMEHL, Zucker, Palmfett, VOLLEI, Glukosesirup, Maisstärke, SOJAMEHL, Bourbon Vanilleschotenpulver, Zitronenschale, Glukose-Fruktose-Sirup, Salz, Backtriebmittel (Ammoniumhydrogencarbonat, Natriumhydrogencarbonat), Emulgator (Lecithine (SOJA)). Kann Spuren von Milch und Schalenfrüchten enthalten.",2068,493,22,11,66,23,"6,8","0,63",https://www.edeka24.de/Lebensmittel/Backen-Desserts/Backzutaten-Dekor/Coppenrath-Torteletts-200G.html,https://www.edeka24.de/out/pictures/generated/product/1/540_540_90/coppenrath_torteletts_2x_4_stck_200_g.jpg
633,Lebensmittel,Backen & Desserts,Backzutaten & Dekor,Alnatura Bio Kakao schwach entölt 125G,"2,29 €","18,32 €/kg","inkl. MwSt., zzgl. 4.95 € Versandkosten.",lieferbar innerhalb von 2-5 Werktagen,2023-05-02 23:22:32.638305,Bio Kakaopulver,Hinweis zur Aufbewahrung: Bitte trocken lagern und vor Wärme schützen.,"Verantwortliches Lebensmittelunternehmen:
Alnatura GmbH, Mahatma-Gandhi-Straße 7, 64295 Darmstadt","Zutatenverzeichnis: Kakaopulver*, Säureregulator: Kaliumcarbonat *aus biologischer Landwirtschaft .",1603,387,21,13,12,"0,5",22,"0,05",https://www.edeka24.de/Lebensmittel/Backen-Desserts/Backzutaten-Dekor/Alnatura-Bio-Kakao-schwach-entoelt-125G.html,https://www.edeka24.de/out/pictures/generated/product/1/540_540_90/4104420022782-bio-alnatura-kako-schwach-entlt.jpg
634,Lebensmittel,Backen & Desserts,Backzutaten & Dekor,EDEKA Schokoladenstreusel 100G,"1,29 €","12,90 €/kg","inkl. MwSt., zzgl. 4.95 € Versandkosten.",lieferbar innerhalb von 2-5 Werktagen,2023-05-02 23:22:36.718252,"Schokoladenstreusel, Kakao: 40% mindestens",Hinweis zur Aufbewahrung: Vor Wärme geschützt und trocken lagern.,"Verantwortliches Lebensmittelunternehmen:
EDEKA ZENTRALE Stiftung & Co. KG, D-22291 Hamburg","Zutatenverzeichnis: Zucker, Kakaomasse**, fettarmes Kakaopulver**, Emulgator: Lecithine; Überzugsmittel: Gummi arabicum; VOLLMILCHPULVER. Das Produkt kann Spuren von GLUTEN und SOJA enthalten. ** Rainforest Alliance-zertifiziert",1867,445,17,"9,8",62,58,"6,7","0,16",https://www.edeka24.de/Lebensmittel/Backen-Desserts/Backzutaten-Dekor/EDEKA-Schokoladenstreusel-100G.html,https://www.edeka24.de/out/pictures/generated/product/1/540_540_90/edeka_schokoladenstreusel_100g.jpg
635,Lebensmittel,Backen & Desserts,Backzutaten & Dekor,Alnatura Bio Lübecker Marzipan Rohmasse 200G,"3,59 €","17,95 €/kg","inkl. MwSt., zzgl. 4.95 € Versandkosten.",lieferbar innerhalb von 2-5 Werktagen,2023-05-02 23:22:40.309013,Bio Marzipanrohmasse aus Lübeck,Hinweis zur Aufbewahrung: Bitte trocken lagern und vor Wärme schützen.,"Verantwortliches Lebensmittelunternehmen:
Alnatura GmbH, Darmstädter Str. 63, 64404 Bickenbach","Zutatenverzeichnis: MANDELN* 52%, Rohrohrzucker*, Invertzuckersirup*, Wasser, Alkohol* 0,6%*aus biologischer Landwirtschaft.",1940,465,"27,8","2,3","38,7","38,6",12,"0,01",https://www.edeka24.de/Lebensmittel/Backen-Desserts/Backzutaten-Dekor/Alnatura-Bio-Luebecker-Marzipan-Rohmasse-200G.html,https://www.edeka24.de/out/pictures/generated/product/1/540_540_90/alnatura_bio_lbecker_marzipan_rohmasse_200_g.jpg
636,Lebensmittel,Backen & Desserts,Backzutaten & Dekor,EDEKA Milchschokoladen-Streusel 200G,"1,79 €","8,95 €/kg","inkl. MwSt., zzgl. 4.95 € Versandkosten.",lieferbar innerhalb von 2-5 Werktagen,2023-05-02 23:22:43.696350,"Milchschokoladenstreusel, Kakao: 26% mindestens",Hinweis zur Aufbewahrung: Vor Wärme geschützt und trocken lagern.,"Verantwortliches Lebensmittelunternehmen:
EDEKA ZENTRALE Stiftung & Co. KG, D-22291 Hamburg","Zutatenverzeichnis: Zucker, Kakaomasse**, 10% MAGERMILCHPULVER, 10% VOLLMILCHPULVER, fettarmes Kakaopulver**, LAKTOSE, Emulgator: Lecithine; Überzugsmittel: Gummi arabicum. Das Produkt kann Spuren von GLUTEN und SOJA enthalten. ** Rainforest Alliance-zertifiziert",1909,455,17,10,63,60,10,"0,21",https://www.edeka24.de/Lebensmittel/Backen-Desserts/Backzutaten-Dekor/EDEKA-Milchschokoladen-Streusel-200G.html,https://www.edeka24.de/out/pictures/generated/product/1/540_540_90/edeka_milchschokoladenstreusel200g.jpg
637,Lebensmittel,Backen & Desserts,Backzutaten & Dekor,Vehappy Bio veganer Rührei-und Omlettersatz 50G,"1,59 €","31,80 €/kg","inkl. MwSt., zzgl. 4.95 € Versandkosten.",lieferbar innerhalb von 2-5 Werktagen,2023-05-02 23:22:46.892938,-,,"Verantwortliches Lebensmittelunternehmen:
Euco GmbH, D-22291 Hamburg","Zutatenverzeichnis: Zutaten: 80% Kichererbsenmehl*, Erbsenstärke*, gemahlene Flohsamenschalen*, Speisesalz, Inulin*, Karottenfasern*, Karottenpulver*, Leinsamenprotein*, Gewürze*, färbendes Lebensmittel: Kurkuma*. *aus kontrolliert ökologischer Landwirtschaft",1346,323,"5,1","0,9","46,5","3,0","19,1","3,7",https://www.edeka24.de/Lebensmittel/Backen-Desserts/Backzutaten-Dekor/Vehappy-Bio-veganer-Ruehrei-und-Omlettersatz-50G.html,https://www.edeka24.de/out/pictures/generated/product/1/540_540_90/bio_vehappy_veganer_ramp252hreiund_omlettersatz_50g.jpg
638,Lebensmittel,Backen & Desserts,Backzutaten & Dekor,EDEKA Haselnuss Krokant 100G,"1,49 €","14,90 €/kg","inkl. MwSt., zzgl. 4.95 € Versandkosten.",lieferbar innerhalb von 2-5 Werktagen,2023-05-02 23:22:50.359412,Haselnusskrokant,Hinweis zur Aufbewahrung: Vor Wärme geschützt und trocken lagern.,"Verantwortliches Lebensmittelunternehmen:
EDEKA ZENTRALE Stiftung & Co. KG, D-22291 Hamburg","Zutatenverzeichnis: Zucker, 25% HASELNUSSKERNE geröstet, gehackt. Das Produkt kann Spuren von anderen SCHALENFRÜCHTEN, ERDNÜSSEN, SOJA, GLUTEN und SESAM enthalten.",469,1972,"15,6","1,3","77,1","76,2","3,8",0,https://www.edeka24.de/Lebensmittel/Backen-Desserts/Backzutaten-Dekor/EDEKA-Haselnuss-Krokant-100G.html,https://www.edeka24.de/out/pictures/generated/product/1/540_540_90/edekahaselnusskrokant.jpg
639,Lebensmittel,Backen & Desserts,Backzutaten & Dekor,Dr.Oetker Kakao zum Backen 100G,"2,39 €","23,90 €/kg","inkl. MwSt., zzgl. 4.95 € Versandkosten.",lieferbar innerhalb von 2-5 Werktagen,2023-05-02 23:22:53.763373,Kakaopulver,,"Verantwortliches Lebensmittelunternehmen:
Dr. August Oetker Nahrungsmittel KG, Lutterstraße 14, D-33617 Bielefeld","Zutatenverzeichnis: Kakaopulver, Säureregulatoren (kaliumhydroxid, Kaliumcarbonate).",1517,366,21,13,"8,9","0,6",20,"0,08",https://www.edeka24.de/Lebensmittel/Backen-Desserts/Backzutaten-Dekor/Dr-Oetker-Kakao-zum-Backen-100G.html,https://www.edeka24.de/out/pictures/generated/product/1/540_540_90/kakaozumbacken.jpg
640,Lebensmittel,Backen & Desserts,Backzutaten & Dekor,EDEKA Nussnougat schnittfeste Masse 200G,"2,79 €","13,95 €/kg","inkl. MwSt., zzgl. 4.95 € Versandkosten.",lieferbar innerhalb von 2-5 Werktagen,2023-05-02 23:22:57.342222,"Nussnugatmasse, schnittfest",Hinweis zur Aufbewahrung: Vor Wärme geschützt und trocken lagern.,"Verantwortliches Lebensmittelunternehmen:
EDEKA ZENTRALE Stiftung & Co. KG, D-22291 Hamburg","Zutatenverzeichnis: Zucker, 32% HASELNUSSMARK, Kakaomasse, Kakaobutter, MAGERMILCHPULVER, Emulgator: Lecithine. Das Produkt kann Spuren von GLUTEN, EI, SOJA und anderen SCHALENFRÜCHTEN enthalten.",2204,528,"30,1","7,7","55,3","52,9","6,8","0,05",https://www.edeka24.de/Lebensmittel/Backen-Desserts/Backzutaten-Dekor/EDEKA-Nussnougat-schnittfeste-Masse-200G.html,https://www.edeka24.de/out/pictures/generated/product/1/540_540_90/edeka_nussnougat_schnittfeste_masse.jpg
641,Lebensmittel,Backen & Desserts,Backzutaten & Dekor,Küchle Bio Back Oblaten 50mm 37G,"1,29 €","34,86 €/kg","inkl. MwSt., zzgl. 4.95 € Versandkosten.",lieferbar innerhalb von 2-5 Werktagen,2023-05-02 23:23:00.343511,Back Oblaten,Hinweis zur Aufbewahrung: Trocken lagern.,"Verantwortliches Lebensmittelunternehmen:
W. u. H. Küchle GmbH & Co.KG, Bahnhofstr. 12, 89312 Günzburg","Zutatenverzeichnis: WEIZENMEHL*, Kartoffelstärke*, Emulgator: Sonnenblumenlecitine*. *aus kontrolliert biologischem Anbau",1538,363,"1,1","0,5",78,2,9,"0,01",https://www.edeka24.de/Lebensmittel/Backen-Desserts/Backzutaten-Dekor/Kuechle-Bio-Back-Oblaten-50mm-37G.html,https://www.edeka24.de/out/pictures/generated/product/1/540_540_90/bio_kamp252chle_back_oblaten_50mm_37g.jpg
642,Lebensmittel,Backen & Desserts,Backzutaten & Dekor,EDEKA Schokotröpfchen zartbitter 100G,"1,29 €","12,90 €/kg","inkl. MwSt., zzgl. 4.95 € Versandkosten.",lieferbar innerhalb von 2-5 Werktagen,2023-05-02 23:23:02.995624,Schokotröpfchen aus Zartbitterschokolade,Hinweis zur Aufbewahrung: Vor Wärme geschützt und trocken lagern.,"Verantwortliches Lebensmittelunternehmen:
EDEKA ZENTRALE Stiftung & Co. KG, D-22291 Hamburg","Zutatenverzeichnis: Zucker, Kakaomasse, Kakaobutter, Emulgator: Lecithine. Das Produkt kann Spuren von SOJA, MILCH und SCHALENFRÜCHTEN enthalten.",2349,565,"37,6","22,6","47,9","45,1",4,"0,1",https://www.edeka24.de/Lebensmittel/Backen-Desserts/Backzutaten-Dekor/EDEKA-Schokotroepfchen-zartbitter-100G.html,https://www.edeka24.de/out/pictures/generated/product/1/540_540_90/edeka_schokotrpfchen_zartbitter.jpg
643,Lebensmittel,Backen & Desserts,Backzutaten & Dekor,Dr.Oetker Nuss-Nougat 200G,"3,69 €","18,45 €/kg","inkl. MwSt., zzgl. 4.95 € Versandkosten.",lieferbar innerhalb von 2-5 Werktagen,2023-05-02 23:23:05.966169,Nuss-Nougat - Schnittfeste Masse,Hinweis zur Aufbewahrung: Kühl und trocken lagern.,"Verantwortliches Lebensmittelunternehmen:
DR. AUGUST OETKER NAHRUNGSMITTEL KG, 33547 Bielefeld","Zutatenverzeichnis: Zucker, 30% HASELNÜSSE, Kakaomasse, MAGERMILCHPULVER, Kakaobutter, Emulgator (Lecithine). Kann enthalten: MANDELN undweitere SCHALENFRÜCHTE (NÜSSE).",2216,531,30,"7,7",55,52,"7,4","0,09",https://www.edeka24.de/Lebensmittel/Backen-Desserts/Backzutaten-Dekor/Dr-Oetker-Nuss-Nougat-200G.html,https://www.edeka24.de/out/pictures/generated/product/1/540_540_90/droetker_nussnougat_200g.jpg
644,Lebensmittel,Backen & Desserts,Backzutaten & Dekor,Küchle Oblaten Blumen 12ST,"2,49 €","0,21 €/st","inkl. MwSt., zzgl. 4.95 € Versandkosten.",lieferbar innerhalb von 2-5 Werktagen,2023-05-02 23:23:10.349663,12 Ess-Oblaten mit Süßungsmittel,Hinweis zur Aufbewahrung: Bitte kühl und trocken lagern. Nicht dem Sonnenlicht aussetzen.,"Verantwortliches Lebensmittelunternehmen:
W. u. H. Küchle GmbH & Co.KG, Bahnhofstr. 12, 89312 Günzburg","Zutatenverzeichnis: Maisstärke, Kartoffelstärke, Aroma, Farbstoff: Kurkumin, Betenrot; Emulgator: Lecithine; Süßungsmittel: Acesulfam K.",1516,357,1,"0,1",87,"0,5","0,5","0,18",https://www.edeka24.de/Lebensmittel/Backen-Desserts/Backzutaten-Dekor/Kuechle-Oblaten-Blumen-12ST.html,https://www.edeka24.de/out/pictures/generated/product/1/540_540_90/kamp252chle_oblaten_blumen_12st.jpg
645,Lebensmittel,Backen & Desserts,Backzutaten & Dekor,Dr.Oetker Salted Caramel Fudge 100G,"3,79 €","37,90 €/kg","inkl. MwSt., zzgl. 4.95 € Versandkosten.",lieferbar innerhalb von 2-5 Werktagen,2023-05-02 23:23:14.341102,gesalzene Karamell-Stückchen,Hinweis zur Aufbewahrung: Bei Zimmertemperatur und trocken lagern,"Verantwortliches Lebensmittelunternehmen:
DR. AUGUST OETKER NAHRUNGSMITTEL KG, 33547 Bielefeld","Zutatenverzeichnis: Zucker, gezuckerte KONDENSMILCH (MILCH, Zucker), Glukosesirup, Kokosöl, BUTTERFETT, Salz, natürliches Aroma.",408,1719,13,11,71,60,"1,8",2,https://www.edeka24.de/Lebensmittel/Backen-Desserts/Backzutaten-Dekor/Dr-Oetker-Salted-Caramel-Fudge-100G.html,https://www.edeka24.de/out/pictures/generated/product/1/540_540_90/f_101532700_saltedcaramelfudge_neu_1500x1500.jpg
646,Lebensmittel,Backen & Desserts,Backzutaten & Dekor,EDEKA Mohnfix 250G,"2,29 €","9,16 €/kg","inkl. MwSt., zzgl. 4.95 € Versandkosten.",lieferbar innerhalb von 2-5 Werktagen,2023-05-02 23:23:17.926135,"EDEKA Mohn Fix, backfertige Mohnfüllung",Hinweis zur Aufbewahrung: Vor Wärme geschützt und trocken lagern.,"Verantwortliches Lebensmittelunternehmen:
EDEKA ZENTRALE Stiftung & Co. KG, D-22291 Hamburg","Zutatenverzeichnis: 33% Blaumohn, Zucker, Wasser, modifizierte Stärke, Verdickungsmittel: Pektin",1252,298,"11,3","1,7","41,1","36,7","5,7","0,1",https://www.edeka24.de/Lebensmittel/Backen-Desserts/Backzutaten-Dekor/EDEKA-Mohnfix-250G.html,https://www.edeka24.de/out/pictures/generated/product/1/540_540_90/edeka_mohnfix(1).jpg
647,Lebensmittel,Backen & Desserts,Backzutaten & Dekor,EDEKA Bunte Zuckerstreusel 100G,"1,09 €","10,90 €/kg","inkl. MwSt., zzgl. 4.95 € Versandkosten.",lieferbar innerhalb von 2-5 Werktagen,2023-05-02 23:23:22.147122,Bunte Zuckerstreusel,Hinweis zur Aufbewahrung: Vor Wärme geschützt und trocken lagern.,"Verantwortliches Lebensmittelunternehmen:
EDEKA ZENTRALE Stiftung & Co. KG, D-22291 Hamburg","Zutatenverzeichnis: Zucker, Kokosfett, Wasser, Glukosesirup, färbendes Lebensmittel: Rote-Bete-Saft-Konzentrat; Farbstoffe: Anthocyane, Echtes Karmin, E141, Kurkumin, Patentblau V; Überzugsmittel: Bienenwachs, weiß und gelb. Das Produkt kann Spuren von GLUTEN, MILCH und SOJA enthalten.",1700,400,"0,9","0,9",98,98,"0,1",0,https://www.edeka24.de/Lebensmittel/Backen-Desserts/Backzutaten-Dekor/EDEKA-Bunte-Zuckerstreusel-100G.html,https://www.edeka24.de/out/pictures/generated/product/1/540_540_90/edeka_zuckerstreusel_100g.jpg
648,Lebensmittel,Backen & Desserts,Backzutaten & Dekor,Dr.Oetker Mohn Back 250G,"2,49 €","9,96 €/kg","inkl. MwSt., zzgl. 4.95 € Versandkosten.",lieferbar innerhalb von 2-5 Werktagen,2023-05-02 23:23:25.984298,Backfertige Mohnfüllung aus fein gemahlenem Blaumohn,Hinweis zur Aufbewahrung: Kühl und trocken lagern.,"Verantwortliches Lebensmittelunternehmen:
DR. AUGUST OETKER NAHRUNGSMITTEL KG, 33547 Bielefeld","Zutatenverzeichnis: 33% Blaumohn, Zucker, Wasser, modifizierte Stärke, Säuerungsmittel (Citronensäure), Verdickungsmittel (Pektine), natürliches Aroma, Konservierungsstoff (E 202).",1316,314,14,"1,6",37,33,"6,7","0,02",https://www.edeka24.de/Lebensmittel/Backen-Desserts/Backzutaten-Dekor/Dr-Oetker-Mohn-Back-250G.html,https://www.edeka24.de/out/pictures/generated/product/1/540_540_90/droetker_mohn_back_250g.jpg
649,Lebensmittel,Backen & Desserts,Backzutaten & Dekor,Brauns Heitmann Crazy Colors Lebensmittelfarbe Pulver 6ST 24G,"3,49 €","145,42 €/kg","inkl. MwSt., zzgl. 4.95 € Versandkosten.",lieferbar innerhalb von 2-5 Werktagen,2023-05-02 23:23:29.983687,"Lebensmittelfarbpulver:gelb, orange, rot, grün, blau, violett",,"Verantwortliches Lebensmittelunternehmen:
Brauns-Heitmann GmbH & Co. KG, Lütkefeld 15 D-34414 Warburg","Zutatenverzeichnis: Zucker; Farbstoffe:E 101 (ii) Riboflavin-5-Phosphat, E 120 Echtes Karmin, E 133 Brilliantblau FCF, E 131 Patentblau V; Emulgator: E 433 Polysorbat 80.",,,,,,,,,https://www.edeka24.de/Lebensmittel/Backen-Desserts/Backzutaten-Dekor/Brauns-Heitmann-Crazy-Colors-Lebensmittelfarbe-Pulver-6ST-24G.html,https://www.edeka24.de/out/pictures/generated/product/1/540_540_90/brauns_heitmann_crazy_colors_lebensmittelfarbe_pulver_6x_4g.jpg
650,Lebensmittel,Backen & Desserts,Backzutaten & Dekor,Dr.Oetker Zuckerschrift Schwarz 25G,"1,59 €","63,60 €/kg","inkl. MwSt., zzgl. 4.95 € Versandkosten.",lieferbar innerhalb von 2-5 Werktagen,2023-05-02 23:23:33.618257,Zucker-Dekor-Creme schwarz,Hinweis zur Aufbewahrung: Nicht im Kühlschrank aufbewahren.,"Verantwortliches Lebensmittelunternehmen:
DR. AUGUST OETKER NAHRUNGSMITTEL KG, 33547 Bielefeld","Zutatenverzeichnis: Zucker, Wasser, Glukosesirup, fettarmes Kakaopulver, pflanzliche Öle (Palm, Raps), Farbstoff (Pflanzenkohle), modifizierte Stärke, Emulgatoren (Lecithine, E 435), Säureregulator (Citronensäure), Konservierungsstoff (Kaliumsorbat), natürliches Aroma, Verdickungsmittel (Pektine).",352,1481,"9,6","3,9",62,57,"2,4","0,16",https://www.edeka24.de/Lebensmittel/Backen-Desserts/Backzutaten-Dekor/Dr-Oetker-Zuckerschrift-Schwarz-25G.html,https://www.edeka24.de/out/pictures/generated/product/1/540_540_90/droetker_zuckerschrift_schwarz_25g.jpg
651,Lebensmittel,Backen & Desserts,Backzutaten & Dekor,Dr.Oetker Zucker Streusel 130G,"2,79 €","21,46 €/kg","inkl. MwSt., zzgl. 4.95 € Versandkosten.",lieferbar innerhalb von 2-5 Werktagen,2023-05-02 23:23:37.992764,-,Hinweis zur Aufbewahrung: Kühl und trocken lagern.,"Verantwortliches Lebensmittelunternehmen:
Dr. August Oetker Nahrungsmittel KG, Lutterstraße 14, D-33617 Bielefeld","Zutatenverzeichnis: Zucker, Glukosesirup, pflanzliche Öle (Kokos, Raps), Maisstärke, fettarmes Kakaopulver, Farbstoffe (E 100, E 101, E 120, E 132), Emulgator (Lecithine), färbendes Lebensmittel (Rote-Bete-Saftkonzentrat), Trennmittel (Talkum).",1713,404,"1,7","1,6",97,94,0,0,https://www.edeka24.de/Lebensmittel/Backen-Desserts/Backzutaten-Dekor/Dr-Oetker-Zucker-Streusel-130G.html,https://www.edeka24.de/out/pictures/generated/product/1/540_540_90/droetker_zucker_streusel_130g.jpg
652,Lebensmittel,Backen & Desserts,Backzutaten & Dekor,Dr.Oetker Natürlich Kakaonibs 50G,"2,79 €","55,80 €/kg","inkl. MwSt., zzgl. 4.95 € Versandkosten.",lieferbar innerhalb von 2-5 Werktagen,2023-05-02 23:23:42.087390,-,,"Verantwortliches Lebensmittelunternehmen:
Dr. August Oetker Nahrungsmittel KG, Lutterstraße 14, D-33617 Bielefeld",Zutatenverzeichnis: Geröstete und zerkleinerte Kakaokerne.,2394,581,52,32,"5,3","0,4",12,"0,03",https://www.edeka24.de/Lebensmittel/Backen-Desserts/Backzutaten-Dekor/Dr-Oetker-Natuerlich-Kakaonibs-50G.html,https://www.edeka24.de/out/pictures/generated/product/1/540_540_90/droetker_natamp252rlich_kakaonibs_50g.jpg
653,Lebensmittel,Backen & Desserts,Backzutaten & Dekor,Dr.Oetker feine Marzipan Rübli 42G,"2,89 €","68,81 €/kg","inkl. MwSt., zzgl. 4.95 € Versandkosten.",lieferbar innerhalb von 2-5 Werktagen,2023-05-02 23:23:46.656714,"Marzipan Rübli, Marzipan-Dekor-Zubereitung mit Schaumzucker (Marzipan 96%)",Hinweis zur Aufbewahrung: Kühl und trocken lagern.,"Verantwortliches Lebensmittelunternehmen:
Dr. August Oetker Nahrungsmittel KG, Lutterstraße 14, D-33617 Bielefeld","Zutatenverzeichnis: Zucker, 24% MANDELN, Invertzuckersirup, Glukosesirup, Feuchthaltemittel (Sorbitsirup, Invertase), Verdickungsmittel (Gummi arabicum), Farbstoffe (E 100, E 131, E 160a, E 172), HÜHNEREIEIWEISS, aufgeschlossenes MILCHEIWEISS, Säuerungsmittel (Citronensäure). Kann enthalten: HASELNÜSSE.",1833,435,13,"0,9",73,67,"6,4","0,01",https://www.edeka24.de/Lebensmittel/Backen-Desserts/Backzutaten-Dekor/Dr-Oetker-feine-Marzipan-Ruebli-42G.html,https://www.edeka24.de/out/pictures/generated/product/1/540_540_90/droetker_feine_marzipan_ramp252bli_42g.jpg
654,Lebensmittel,Backen & Desserts,Backzutaten & Dekor,Dr.Oetker Zuckerschrift mit Schokoladengeschmack 75G,"2,19 €","29,20 €/kg","inkl. MwSt., zzgl. 4.95 € Versandkosten.",lieferbar innerhalb von 2-5 Werktagen,2023-05-02 23:23:50.861330,"Zucker-Dekorcreme mit Schokoladengeschmack dunkel, hell weiß",Hinweis zur Aufbewahrung: Nicht im Kühlschrank aufbewahren.,"Verantwortliches Lebensmittelunternehmen:
DR. AUGUST OETKER NAHRUNGSMITTEL KG, 33547 Bielefeld","Zutatenverzeichnis: Zucker, Wasser, pflanzliche Öle (Palm, Raps), Glukosesirup, 5% fettarmes Kakaopulver, modifizierte Stärke (Mais, Tapioka), Emulgatoren (Sonnenblumenlecithine, E 435), natürliches aroma (enthält MILCH), Säureregulator (Citronensäure), Konservierungsstoff (Kaliumsorbat), Verdickungsmittel (Pektine), Farbstoff (Carotin).",1588,376,"8,1","3,2",73,70,"1,2","0,01",https://www.edeka24.de/Lebensmittel/Backen-Desserts/Backzutaten-Dekor/Dr-Oetker-Zuckerschrift-mit-Schokoladengeschmack-75G.html,https://www.edeka24.de/out/pictures/generated/product/1/540_540_90/droetker_zuckerschrift_schokoladengeschmack_75g.jpg
655,Lebensmittel,Backen & Desserts,Backzutaten & Dekor,Dr.Oetker Dekor Fondant Weiss 100G,"1,50 €","15,00 €/kg","inkl. MwSt., zzgl. 4.95 € Versandkosten.",lieferbar innerhalb von 2-5 Werktagen,2023-05-02 23:23:55.431804,-,Hinweis zur Aufbewahrung: Kühl und trocken lagern.,"Verantwortliches Lebensmittelunternehmen:
Dr. August Oetker Nahrungsmittel KG, Lutterstraße 14, D-33617 Bielefeld","Zutatenverzeichnis: Zucker, Glukosesirup, Wasser, Palmfett, Feuchthaltemittel (Glycerin), Emulgator (E 472c), Verdickungsmittel (Traganth, E 466), Konservierungsstoff (Kaliumsorbat), natürliches Aroma, Säureregulator (Citronensäure), Kann Spuren von SCHALENFRÜCHTEN (NÜSSEN) enthalten",1663,393,"4,4","2,2",87,84,0,0,https://www.edeka24.de/Lebensmittel/Backen-Desserts/Backzutaten-Dekor/Dr-Oetker-Dekor-Fondant-Weiss-100G.html,https://www.edeka24.de/out/pictures/generated/product/1/540_540_90/droetker_dekor_fondant_wei_100_g.jpg
656,Lebensmittel,Backen & Desserts,Backzutaten & Dekor,Dr.Oetker Mini Dekorblüten 40ST,"2,89 €","0,07 €/st","inkl. MwSt., zzgl. 4.95 € Versandkosten.",lieferbar innerhalb von 2-5 Werktagen,2023-05-02 23:23:59.897803,Oblaten in Blütenform,Hinweis zur Aufbewahrung: Bei Zimmertemperatur und trocken lagern.,"Verantwortliches Lebensmittelunternehmen:
DR. AUGUST OETKER NAHRUNGSMITTEL KG, 33547 Bielefeld","Zutatenverzeichnis: Stärke, färbende Lebensmittel (Konzentrat aus Saflor, Apfel, schwarzen Johannisbeeren und Rettich), Rapsöl, Farbstoff (E 133).",1508,355,"0,5",0,87,"0,6","0,2","0,03",https://www.edeka24.de/Lebensmittel/Backen-Desserts/Backzutaten-Dekor/Dr-Oetker-Mini-Dekorblueten-40ST.html,https://www.edeka24.de/out/pictures/generated/product/1/540_540_90/droetker_mini_dekorblamp252ten_40st.jpg
657,Lebensmittel,Backen & Desserts,Backzutaten & Dekor,Dr.Oetker Schoko Dekor Alphabet & Ziffern 58G,"2,79 €","48,10 €/kg","inkl. MwSt., zzgl. 4.95 € Versandkosten.",lieferbar innerhalb von 2-5 Werktagen,2023-05-02 23:24:03.938636,Schoko Alphabet & Ziffern aus Milchschokolade,Hinweis zur Aufbewahrung: Kühl und trocken lagern.,"Verantwortliches Lebensmittelunternehmen:
DR. AUGUST OETKER NAHRUNGSMITTEL KG, 33547 Bielefeld","Zutatenverzeichnis: Zucker, Kakaobutter, MAGERMILCHPULVER, Kakaomasse, BUTTERREINFETT, natürliches Vanille Aroma. Kann enthalten: HASELNÜSSE.",2437,585,40,26,49,49,"6,1","0,2",https://www.edeka24.de/Lebensmittel/Backen-Desserts/Backzutaten-Dekor/Dr-Oetker-Schoko-Dekor-Alphabet-Ziffern-58G.html,https://www.edeka24.de/out/pictures/generated/product/1/540_540_90/oeschoko_abc_uziff58g.jpg
658,Lebensmittel,Backen & Desserts,Backzutaten & Dekor,Dr.Oetker Zuckerschrift 100G,"2,59 €","25,90 €/kg","inkl. MwSt., zzgl. 4.95 € Versandkosten.",lieferbar innerhalb von 2-5 Werktagen,2023-05-02 23:24:07.993699,"Zucker-Dekor-Creme rot, gelb, grün, blau",Hinweis zur Aufbewahrung: Nicht im Kühlschrank aufbewahren.,"Verantwortliches Lebensmittelunternehmen:
Dr. August Oetker Nahrungsmittel KG, Lutterstraße 14, D-33617 Bielefeld","Zutatenverzeichnis: Zucker, Glukosesirup, Wasser, Maltodextrin, Palmöl, SÜSSMOLKENPULVER, Emulgator (E 472a), Farbstoffe (E 120, E 100, E 131).",1293,306,"6,8","5,8",61,44,"0,4","0,08",https://www.edeka24.de/Lebensmittel/Backen-Desserts/Backzutaten-Dekor/Dr-Oetker-Zuckerschrift-100G.html,https://www.edeka24.de/out/pictures/generated/product/1/540_540_90/droetker_zuckerschrift_100_g.jpg
659,Lebensmittel,Backen & Desserts,Backzutaten & Dekor,Dr.Oetker Schoko Zebra Röllchen 75G,"2,79 €","37,20 €/kg","inkl. MwSt., zzgl. 4.95 € Versandkosten.",lieferbar innerhalb von 2-5 Werktagen,2023-05-02 23:24:12.453891,Dekor Zebra Röllchen aus Vollmilch- und Weißer Schokolade,Hinweis zur Aufbewahrung: Kühl und trocken lagern.,"Verantwortliches Lebensmittelunternehmen:
DR. AUGUST OETKER NAHRUNGSMITTEL KG, 33547 Bielefeld","Zutatenverzeichnis: Zucker, Kakaobutter, VOLLMILCHPULVER, Kakaomasse, SÜSSMOLKENPULVER, Emulgator (Lecithine). Kann enthalten: HASELNÜSSE.",2234,535,30,18,59,58,6,"0,2",https://www.edeka24.de/Lebensmittel/Backen-Desserts/Backzutaten-Dekor/Dr-Oetker-Schoko-Zebra-Roellchen-75G.html,https://www.edeka24.de/out/pictures/generated/product/1/540_540_90/droetker_schoko_zebraramp246llchen_75g.jpg
660,Lebensmittel,Backen & Desserts,Backzutaten & Dekor,Dr.Oetker Weiße Fondant Decke 450G,"5,49 €","12,20 €/kg","inkl. MwSt., zzgl. 4.95 € Versandkosten.",lieferbar innerhalb von 2-5 Werktagen,2023-05-02 23:24:19.069761,"Fondant Decke weiß, fertig ausgerollt",Hinweis zur Aufbewahrung: Bei Zimmertemperatur und trocken lagern.,"Verantwortliches Lebensmittelunternehmen:
DR. AUGUST OETKER NAHRUNGSMITTEL KG, 33547 Bielefeld","Zutatenverzeichnis: Zucker, Glukosesirup, Palmfett, Wasser, Feuchthaltemittel (Glycerin), Verdickungsmittel (E 466, Traganth), Emulgator (E 472c), natürliches Aroma, Konservierungsstoff (Kaliumsorbat), Säureregulator (Citronensäure). Kann enthalten: SCHALENFRÜCHTE (NÜSSE).",1682,398,"7,3","3,6",84,76,0,"0,24",https://www.edeka24.de/Lebensmittel/Backen-Desserts/Backzutaten-Dekor/Dr-Oetker-Weisse-Fondant-Decke-450G.html,https://www.edeka24.de/out/pictures/generated/product/1/540_540_90/droetker_weiamp223e_fondant_decke_450g.jpg
661,Lebensmittel,Backen & Desserts,Backzutaten & Dekor,Dr.Oetker Schoko Dekor Herzen 47G,"2,79 €","59,36 €/kg","inkl. MwSt., zzgl. 4.95 € Versandkosten.",lieferbar innerhalb von 2-5 Werktagen,2023-05-02 23:24:23.844576,Dekor Herzen - 40 Stück aus Zartbitterschokolade (66%) und 20 Stück aus weißer Schokolade (33%),Hinweis zur Aufbewahrung: Kühl und trocken lagern.,"Verantwortliches Lebensmittelunternehmen:
DR. AUGUST OETKER NAHRUNGSMITTEL KG, 33547 Bielefeld","Zutatenverzeichnis: Zucker, Kakaobutter, Kakaomasse, VOLLMILCHPULVER, natürliches Vanille Aroma. Kann enthalten: HASELNÜSSE.",2479,597,43,27,46,44,"4,5","0,07",https://www.edeka24.de/Lebensmittel/Backen-Desserts/Backzutaten-Dekor/Dr-Oetker-Schoko-Dekor-Herzen-47G.html,https://www.edeka24.de/out/pictures/generated/product/1/540_540_90/droetker_dekorherzen_schoko_47g.jpg
662,Lebensmittel,Backen & Desserts,Backzutaten & Dekor,Dr.Oetker Dekor ABC & Zahlen 58G,"3,29 €","56,72 €/kg","inkl. MwSt., zzgl. 4.95 € Versandkosten.",lieferbar innerhalb von 2-5 Werktagen,2023-05-02 23:24:29.869509,"Bunte Dekor-Buchstaben, Ziffern & Satzzeichen auf Kakaobutter- und Milchpulverbasis",Hinweis zur Aufbewahrung: Bei Zimmertemperatur unter 25 °C und trocken lagern.,"Verantwortliches Lebensmittelunternehmen:
DR. AUGUST OETKER NAHRUNGSMITTEL KG, 33547 Bielefeld","Zutatenverzeichnis: Zucker, Kakaobutter, VOLLMILCHPULVER, Farbstoffe (Brillantblau FCF, Carotin, Betenrot), Stärke, natürliches Vanille Aroma, Kann enthalten: (HASELNÜSSE)",2492,598,41,25,53,50,"5,5","0,2",https://www.edeka24.de/Lebensmittel/Backen-Desserts/Backzutaten-Dekor/Dr-Oetker-Dekor-ABC-Zahlen-58G.html,https://www.edeka24.de/out/pictures/generated/product/1/540_540_90/oetkdekor_abcampampzahlen_58g.jpg
663,Lebensmittel,Backen & Desserts,Backzutaten & Dekor,"Dr.Oetker Back Mich Kakaosplitter, Schoko-Tröpfchen & Vollmilchschoko 90G","2,39 €","26,56 €/kg","inkl. MwSt., zzgl. 4.95 € Versandkosten.",lieferbar innerhalb von 2-5 Werktagen,2023-05-02 23:24:34.871052,"Mischung aus Schokolade, Vollmilchschokolade und zerkleinerten Kakaobohnen",,"Verantwortliches Lebensmittelunternehmen:
DR. AUGUST OETKER NAHRUNGSMITTEL KG, 33547 Bielefeld","Zutatenverzeichnis: 39% Schokolade (Zucker, Kakaomasse, Kakaobutter, Emulgator (Lecithine)), 33% VOLLMILCHSCHOKOLADE (Zucker, Kakaomasse, VOLLMILCHPULVER, Kakaobutter, Emulgator (Lecithine)), 28% zerkleinerte Kakaobohnen. Kann enthalten: (HASELNÜSSE).",2205,530,34,21,42,40,10,"0,07",https://www.edeka24.de/Lebensmittel/Backen-Desserts/Backzutaten-Dekor/Dr-Oetker-Back-Mich-Kakaosplitter-Schoko-Troepfchen-Vollmilchschoko-90G.html,https://www.edeka24.de/out/pictures/generated/product/1/540_540_90/droetker_back_mich_kakaosplitter_schoko_90g.jpg
664,Lebensmittel,Backen & Desserts,Backzutaten & Dekor,Dr.Oetker Dekor Kreation Rosa Mix 60G,"2,19 €","36,50 €/kg","inkl. MwSt., zzgl. 4.95 € Versandkosten.",lieferbar innerhalb von 2-5 Werktagen,2023-05-02 23:24:38.730960,"Zucker-Dekor-Mix rosa (Nonpareille, Perlen, Streusel, Sterne)",,"Verantwortliches Lebensmittelunternehmen:
DR. AUGUST OETKER NAHRUNGSMITTEL KG, 33547 Bielefeld","Zutatenverzeichnis: Zucker, Dextrose, Stärke (WEIZEN, Mais), Reismehl, Glukosesirup, modifizierte Stärke (Mais), Kakaobutter, färbende Lebensmittel (Konzentrate aus Rote Betesaft, Süßkartoffeln, Rettich, Apfel, Spirulina, Schwarze Johannisbeeren), Palmfett, Verdickungsmittel (E 413, E 414), Überzugsmittel (E 904, E 903), Farbstoff (E 172), pflnazliche Öle (Kokosnuss, Raps), Säuerungsmittel (Citronensäure), Aroma, Salz, Trennmittel (Talkum). Kann ERDNÜSSE, SOJA, MILCH und MANDELN enthalten.",1657,390,"1,2","0,7",95,82,"0,3","0,04",https://www.edeka24.de/Lebensmittel/Backen-Desserts/Backzutaten-Dekor/Dr-Oetker-Dekor-Kreation-Rosa-Mix-60G.html,https://www.edeka24.de/out/pictures/generated/product/1/540_540_90/droetker_dekor_kreation_rosa_mix_60g(1).jpg
665,Lebensmittel,Backen & Desserts,Backzutaten & Dekor,Dr.Oetker Dekor Sterne 5 Farben 60G,"2,19 €","36,50 €/kg","inkl. MwSt., zzgl. 4.95 € Versandkosten.",lieferbar innerhalb von 2-5 Werktagen,2023-05-02 23:24:42.896003,"Zucker-Dekor-Sterne grün, gelb, rosa, weiß, blau",,"Verantwortliches Lebensmittelunternehmen:
DR. AUGUST OETKER NAHRUNGSMITTEL KG, 33547 Bielefeld","Zutatenverzeichnis: Zucker, Stärke (Kartoffel, Mais), Palmfett, Reismehl, Farbstoffe (E 163, E 100, E 133), natürliches Aroma.",1783,421,"5,1","2,6",93,83,"0,3","0,05",https://www.edeka24.de/Lebensmittel/Backen-Desserts/Backzutaten-Dekor/Dr-Oetker-Dekor-Sterne-5-Farben-60G.html,https://www.edeka24.de/out/pictures/generated/product/1/540_540_90/droetker_dekor_sterne_60g.jpg
666,Lebensmittel,Backen & Desserts,Backzutaten & Dekor,Pickerd Mini-Marshmallows 30G,"2,19 €","73,00 €/kg","inkl. MwSt., zzgl. 4.95 € Versandkosten.",lieferbar innerhalb von 2-5 Werktagen,2023-05-02 23:24:46.839716,Schaumzuckerware mit Vanillegeschmack,Hinweis zur Aufbewahrung: Kühl und trocken lagern. Nach dem Öffnen innerhalb von 14 Tagen verbrauchen.,"Verantwortliches Lebensmittelunternehmen:
H. Pickerd, 30928 Burgwedel","Zutatenverzeichnis: Glucose-Fructose-Sirup, Zucker, Wasser, Gelatine, Maisstärke, Farbstoffe (E100, E120, E131), Aroma. Kann WEIZEN. MILCH und HASELNÜSSE enthalten.",1375,324,"0,5","0,1",76,65,"4,7","0,01",https://www.edeka24.de/Lebensmittel/Backen-Desserts/Backzutaten-Dekor/Pickerd-Mini-Marshmallows-30G.html,https://www.edeka24.de/out/pictures/generated/product/1/540_540_90/pickerd_minimarshmallows_bunt_30g.jpg
667,Lebensmittel,Backen & Desserts,Backzutaten & Dekor,EDEKA Bunte Crispies 60G,"1,29 €","21,50 €/kg","inkl. MwSt., zzgl. 4.95 € Versandkosten.",lieferbar innerhalb von 2-5 Werktagen,2023-05-02 23:24:50.565744,Bunt dragierte Getreideperlen,Hinweis zur Aufbewahrung: Vor Wärme geschützt und trocken lagern.,"Verantwortliches Lebensmittelunternehmen:
EDEKA ZENTRALE Stiftung & Co. KG, D-22291 Hamburg","Zutatenverzeichnis: Zucker, Reismehl, WEIZENMEHL, Kakaobutter, WEIZENMALZEXTRAKT, WEIZENGLUTEN, Dextrose, Speisesalz, Trennmittel: Schellack; Stärke, Farbstoffe: Kurkumin, Echtes Karmin, Patentblau V; färbendes Lebensmittel: Rote-Beete-Saftkonzentrat. Das Produkt kann Spuren von MILCH und SOJA enthalten.",1809,429,"10,3","6,1",80,"52,2","3,7","0,6",https://www.edeka24.de/Lebensmittel/Backen-Desserts/Backzutaten-Dekor/EDEKA-Bunte-Crispies-60G.html,https://www.edeka24.de/out/pictures/generated/product/1/540_540_90/edeka_bunte_crispies_60g.jpg
668,Lebensmittel,Backen & Desserts,Backzutaten & Dekor,Dr.Oetker Lübecker Marzipan Rohmasse 200G,"3,69 €","18,45 €/kg","inkl. MwSt., zzgl. 4.95 € Versandkosten.",lieferbar innerhalb von 2-5 Werktagen,2023-05-02 23:24:53.986997,-,Hinweis zur Aufbewahrung: Kühl und trocken lagern.,"Verantwortliches Lebensmittelunternehmen:
Dr. August Oetker Nahrungsmittel KG, Lutterstraße 14, D-33617 Bielefeld","Zutatenverzeichnis: 53% MANDELN, Zucker, Wasser, Invertzuckersirup, Alkohol. Kann Spuren von SCHALENFRÜCHTEN (NÜSSEN) enthalten",1983,476,29,"2,6",37,37,12,0,https://www.edeka24.de/Lebensmittel/Backen-Desserts/Backzutaten-Dekor/Dr-Oetker-Luebecker-Marzipan-Rohmasse-200G.html,https://www.edeka24.de/out/pictures/generated/product/1/540_540_90/droetker_lbecker_marzipan_rohmasse_200_g.jpg
669,Lebensmittel,Backen & Desserts,Backzutaten & Dekor,Dr.Oetker Feine Marzipanblüten 24G,"3,79 €","157,92 €/kg","inkl. MwSt., zzgl. 4.95 € Versandkosten.",lieferbar innerhalb von 2-5 Werktagen,2023-05-02 23:24:56.929678,Farbige Marzipanblüten mit Dekor-Zucker (91% Marzipan),Hinweis zur Aufbewahrung: Bei Zimmertemperatur und trocken lagern,"Verantwortliches Lebensmittelunternehmen:
DR. AUGUST OETKER NAHRUNGSMITTEL KG, 33547 Bielefeld","Zutatenverzeichnis: Zucker, 26% MANDELN, Wasser, Glukosesirup, Invertzucker, Maisstärke, Feuchthaltemittel (Invertase), Alkohol, Verdickungsmittel (Gummi arabicum), aufgeschlossenes MILCHEIWEISS, Farbstoffe (Kurkumin, Betenrot, Anthocyane, Eisenoxide und Eisenhydroxide), Säuerungsmittel (Citronensäure), Überzugsmittel (Bienenwachs, weiß und gelb). Kann enthalten: (EI, HASELNÜSSE).",444,1868,14,"1,1",71,57,"7,2","0,04",https://www.edeka24.de/Lebensmittel/Backen-Desserts/Backzutaten-Dekor/Dr-Oetker-Feine-Marzipanblueten-24G.html,https://www.edeka24.de/out/pictures/generated/product/1/540_540_90/droetker_feine_marzipanblamp252ten_24g.jpg
670,Lebensmittel,Backen & Desserts,Backzutaten & Dekor,Dr.Oetker Lustige Zuckeraugen 10G,"2,89 €","289,00 €/kg","inkl. MwSt., zzgl. 4.95 € Versandkosten.",lieferbar innerhalb von 2-5 Werktagen,2023-05-02 23:25:01.153564,-,,"Verantwortliches Lebensmittelunternehmen:
DR. AUGUST OETKER NAHRUNGSMITTEL KG, 33547 Bielefeld","Zutatenverzeichnis: Zucker, Verdickungsmittel (Gummi arabicum), aufgeschlossenes MILCHEIWEISS, Feuchthaltemittel (Glycerin), Farbstoff (E 172), Säuerungsmittel (Citronensäure), Emulgator (Lecithine). Kann enthalten: EI.",1703,401,"0,5","0,1",98,96,1,"0,01",https://www.edeka24.de/Lebensmittel/Backen-Desserts/Backzutaten-Dekor/Dr-Oetker-Lustige-Zuckeraugen-10G.html,https://www.edeka24.de/out/pictures/generated/product/1/540_540_90/droetker_zuckeraugen_10g.jpg
671,Lebensmittel,Backen & Desserts,Backzutaten & Dekor,Dr.Oetker Feine Dekorblüten 12ST,"2,89 €","0,24 €/st","inkl. MwSt., zzgl. 4.95 € Versandkosten.",lieferbar innerhalb von 2-5 Werktagen,2023-05-02 23:25:04.600691,Oblaten,Hinweis zur Aufbewahrung: Kühl und trocken lagern.,"Verantwortliches Lebensmittelunternehmen:
Dr. August Oetker Nahrungsmittel KG, Lutterstraße 14, D-33617 Bielefeld","Zutatenverzeichnis: Stärke, färbende Lebensmittel (Konzentrate aus Saflor, Apfel, schwarzer Johannisbeere und Rettich), Rapsöl",1508,355,"0,5",0,87,"0,6","0,2","0,03",https://www.edeka24.de/Lebensmittel/Backen-Desserts/Backzutaten-Dekor/Dr-Oetker-Feine-Dekorblueten-12ST.html,https://www.edeka24.de/out/pictures/generated/product/1/540_540_90/droetker_feine_dekorblamp252ten_12st.jpg
672,Lebensmittel,Backen & Desserts,Backzutaten & Dekor,Dr.Oetker Gebäckschmuck 100G,"3,29 €","32,90 €/kg","inkl. MwSt., zzgl. 4.95 € Versandkosten.",lieferbar innerhalb von 2-5 Werktagen,2023-05-02 23:25:08.214476,"Bunter Gebäckschmuck (Schokolinsen, Drageeperlen, Nonpareille, Dragee-Mimosen)",,"Verantwortliches Lebensmittelunternehmen:
Dr. August Oetker Nahrungsmittel KG, Lutterstraße 14, D-33617 Bielefeld","Zutatenverzeichnis: Zucker, Stärke (WEIZEN, Mais, Reis), Dextrose, Kakaomasse, Reismehl, Glukosesirup, Kakaobutter, WEIZENMEHL, modifizierte Stärke (Mais), Emulgator (Lecithine), Aroma, färbende Lebensmittel (Konzentrate aus roten Johannisbeeren, Rettich, Zitrone und Rote-Bete-Saft), Salz, Farbstoffe (Kurkumin, Riboflavin, Echtes Karmin, Patentblau V, Carotin), Säuerungsmittel (Citronensäure), Überzugsmittel (Bienenwachs, weiß und gelb, Carnaubawachs, Schellack), pflanzliche Öle (Kokos, Raps), Trennmittel (Talkum). Kann enthalten: ERDNÜSSE, SOJA, MILCH, MANDELN, HASELNÜSSE.",1736,410,"4,4","2,6",91,76,1,"0,01",https://www.edeka24.de/Lebensmittel/Backen-Desserts/Backzutaten-Dekor/Dr-Oetker-Gebaeckschmuck-100G.html,https://www.edeka24.de/out/pictures/generated/product/1/540_540_90/droetker_gebckschmuck_100g.jpg
673,Lebensmittel,Backen & Desserts,Backzutaten & Dekor,Dr.Oetker Raspel Schokolade Vollmilch 100G,"2,29 €","22,90 €/kg","inkl. MwSt., zzgl. 4.95 € Versandkosten.",lieferbar innerhalb von 2-5 Werktagen,2023-05-02 23:25:11.258871,Geraspelte Vollmilch-Schokolade. Kakao: 30% mindestens,Hinweis zur Aufbewahrung: Kühl und trocken lagern.,"Verantwortliches Lebensmittelunternehmen:
Dr. August Oetker Nahrungsmittel KG, Lutterstraße 14, D-33617 Bielefeld","Zutatenverzeichnis: Zucker, VOLLMILCHPULVER, Kakaomasse, Kakaobutter, fettarmes Kakaopulver, Emulgator (Lecithine). Kann enthalten: (HASELNÜSSE)",510,2132,27,16,56,54,8,"0,21",https://www.edeka24.de/Lebensmittel/Backen-Desserts/Backzutaten-Dekor/Dr-Oetker-Raspel-Schokolade-Vollmilch-100G.html,https://www.edeka24.de/out/pictures/generated/product/1/540_540_90/droetker_raspel_schokolade_vollmilch.jpg
674,Lebensmittel,Backen & Desserts,Backzutaten & Dekor,EDEKA Schoko Dekor Blätter Zartbitter 60G,"2,19 €","36,50 €/kg","inkl. MwSt., zzgl. 4.95 € Versandkosten.",lieferbar innerhalb von 2-5 Werktagen,2023-05-02 23:25:14.202822,"Zartbitterschokolade in Blätterform, Kakao: 57% mindestens.",Hinweis zur Aufbewahrung: Vor Wärme geschützt und trocken lagern.,"Verantwortliches Lebensmittelunternehmen:
EDEKA ZENTRALE Stiftung & Co. KG, D-22291 Hamburg","Zutatenverzeichnis: Zucker, Kakaomasse, Kakaobutter. Das Produkt kann Spuren von SOJA, SCHALENFRÜCHTEN und MILCH enthalten.",590,2452,"42,5","27,4",43,40,"5,1",0,https://www.edeka24.de/Lebensmittel/Backen-Desserts/Backzutaten-Dekor/EDEKA-Schoko-Dekor-Blaetter-Zartbitter-60G.html,https://www.edeka24.de/out/pictures/generated/product/1/540_540_90/edeka_schoko_dekor_blamp228tter_zartbitter_60g.jpg
675,Lebensmittel,Backen & Desserts,Backzutaten & Dekor,Dr.Oetker Schoko Tröpfchen zartbitter 75G,"1,89 €","25,20 €/kg","inkl. MwSt., zzgl. 4.95 € Versandkosten.",lieferbar innerhalb von 2-5 Werktagen,2023-05-02 23:25:17.436865,Schokolade Tröpfchen aus Zartbitterschokolade,Hinweis zur Aufbewahrung: Kühl und trocken lagern.,"Verantwortliches Lebensmittelunternehmen:
DR. AUGUST OETKER NAHRUNGSMITTEL KG, 33547 Bielefeld","Zutatenverzeichnis: Kakaomasse, Zucker, Kakaobutter, Emulgator (Lecithine). Kann enthalten: HASELNÜSSE, MILCHBESTANDTEILE.",2117,508,29,17,51,47,"6,6","0,01",https://www.edeka24.de/Lebensmittel/Backen-Desserts/Backzutaten-Dekor/Dr-Oetker-Schoko-Troepfchen-zartbitter-75G.html,https://www.edeka24.de/out/pictures/generated/product/1/540_540_90/oeschoko_troepfchen_75g.jpg
676,Lebensmittel,Backen & Desserts,Backzutaten & Dekor,Dr.Oetker Raspel Schokolade zartbitter 100G,"2,29 €","22,90 €/kg","inkl. MwSt., zzgl. 4.95 € Versandkosten.",lieferbar innerhalb von 2-5 Werktagen,2023-05-02 23:25:21.017591,Geraspelte Zartbitter-Schokolade,Hinweis zur Aufbewahrung: Kühl und trocken lagern.,"Verantwortliches Lebensmittelunternehmen:
Dr. August Oetker Nahrungsmittel KG, Lutterstraße 14, D-33617 Bielefeld","Zutatenverzeichnis: Zucker, Kakaomasse, fettarmes Kakaopulver, Kakaobutter, Emulgator (Lecithine), Kann enthalten: (HASELNÜSSE, MILCH)",2061,494,27,16,52,48,"6,8","0,01",https://www.edeka24.de/Lebensmittel/Backen-Desserts/Backzutaten-Dekor/Dr-Oetker-Raspel-Schokolade-zartbitter-100G.html,https://www.edeka24.de/out/pictures/generated/product/1/540_540_90/droetker_raspel_schokolade_zartbitter_100g.jpg
677,Lebensmittel,Backen & Desserts,Backzutaten & Dekor,Dr.Oetker Schokolade grob gehackt 100G,"2,49 €","24,90 €/kg","inkl. MwSt., zzgl. 4.95 € Versandkosten.",lieferbar innerhalb von 2-5 Werktagen,2023-05-02 23:25:24.579565,"Zartbitterschokolade, grob gehackt",Hinweis zur Aufbewahrung: Kühl und trocken lagern.,"Verantwortliches Lebensmittelunternehmen:
Dr. August Oetker Nahrungsmittel KG, Lutterstraße 14, D-33617 Bielefeld","Zutatenverzeichnis: Kakaomasse, Zucker, Emulgator (Lecithine), Kann enthalten: (HASELNÜSSE, MILCH)",2186,527,36,22,33,33,"8,5","0,03",https://www.edeka24.de/Lebensmittel/Backen-Desserts/Backzutaten-Dekor/Dr-Oetker-Schokolade-grob-gehackt-100G.html,https://www.edeka24.de/out/pictures/generated/product/1/540_540_90/oetkerschokoladegrobgehackt.jpg
678,Lebensmittel,Backen & Desserts,Backzutaten & Dekor,Dr.Oetker Lebensmittelfarben 4ST 80G,"4,29 €","53,63 €/kg","inkl. MwSt., zzgl. 4.95 € Versandkosten.",lieferbar innerhalb von 2-5 Werktagen,2023-05-02 23:25:28.330484,"4 Lebensmittelfarben (schwwarz, rosa, lila, orange). Zum Anfärben von Speisen und aromatisierten Getränken.",Hinweis zur Aufbewahrung: Nach Gebrauch im Kühlschrank aufbewahren.,"Verantwortliches Lebensmittelunternehmen:
DR. AUGUST OETKER NAHRUNGSMITTEL KG, 33547 Bielefeld","Zutatenverzeichnis: Glukosesirup, Zucker, Wasser, Farbstoffe (Paprikaextrakt (E 160c), Echtes Karmin (E 120), Pflanzenkohle (E 153), Brillantblau FCF (E 133)), Geliermittel (Carrageen (E 407)), Säureregulatoren (Citronensäure (E 330), Milchsäure (E 270), Essigsäure (E 260), Natriumlactat (E 325)), Konservierungsstoff (Kaliumsorbat (E 202)).",,,,,,,,,https://www.edeka24.de/Lebensmittel/Backen-Desserts/Backzutaten-Dekor/Dr-Oetker-Lebensmittelfarben-4ST-80G.html,https://www.edeka24.de/out/pictures/generated/product/1/540_540_90/droetker_lebensmittelfarben_schwarz_rosa_lila_orange_4st_80g.jpg
679,Lebensmittel,Backen & Desserts,Backzutaten & Dekor,Dr.Oetker Feine Marzipan Decke 300G,"5,79 €","19,30 €/kg","inkl. MwSt., zzgl. 4.95 € Versandkosten.",lieferbar innerhalb von 2-5 Werktagen,2023-05-02 23:25:31.543539,"Marzipan Decke, fertig ausgerollt",Hinweis zur Aufbewahrung: Bei Zimmertemperatur und trocken lagern.,"Verantwortliches Lebensmittelunternehmen:
Dr. August Oetker Nahrungsmittel KG, Lutterstraße 14, D-33617 Bielefeld","Zutatenverzeichnis: Zucker, MANDELN, Glukosesirup, Invertzuckersirup, BITTERMANDELN, Feuchthaltemittel (Invertase). Kann enthalten: weitere SCHALENFRÜCHTE.",1804,429,14,"1,2",69,63,"4,8","0,03",https://www.edeka24.de/Lebensmittel/Backen-Desserts/Backzutaten-Dekor/Dr-Oetker-Feine-Marzipan-Decke-300G.html,https://www.edeka24.de/out/pictures/generated/product/1/540_540_90/droetker_feine_marzipandecke_300g.jpg
680,Lebensmittel,Backen & Desserts,Backzutaten & Dekor,Dr.Oetker Zauberhafte Schmetterlinge 12ST,"3,29 €","0,27 €/st","inkl. MwSt., zzgl. 4.95 € Versandkosten.",lieferbar innerhalb von 2-5 Werktagen,2023-05-02 23:25:34.981731,Oblaten,Hinweis zur Aufbewahrung: Bei Zimmertemperatur und trocken lagern.,"Verantwortliches Lebensmittelunternehmen:
Dr. August Oetker Nahrungsmittel KG, Lutterstraße 14, D-33617 Bielefeld","Zutatenverzeichnis: Stärke (Mais, Kartoffel), VOLLMILCHPULVER, Zucker, Glukosesirup, Verdickungsmittel (Gummi arabicum, Pektine), Aroma, Emulgator (Lecithine), Farbstoffe (E 133, E 120, E 153, E 100), Säuerungsmittel (Citronensäure).",1542,363,"1,6","0,5",86,"1,3",1,"0,18",https://www.edeka24.de/Lebensmittel/Backen-Desserts/Backzutaten-Dekor/Dr-Oetker-Zauberhafte-Schmetterlinge-12ST.html,https://www.edeka24.de/out/pictures/generated/product/1/540_540_90/droetker_zauberhafte_schmetterlinge_12st.jpg
681,Lebensmittel,Backen & Desserts,Backzutaten & Dekor,De Ruijter Schokoladenstreusel 400G,"3,49 €","8,73 €/kg","inkl. MwSt., zzgl. 4.95 € Versandkosten.",lieferbar innerhalb von 2-5 Werktagen,2023-05-02 23:25:38.321020,Schokoladenstreusel,Hinweis zur Aufbewahrung: Kühl und trocken lagern.,"Verantwortliches Lebensmittelunternehmen:
H.J. Heinz B.V., Postbus 87118, 1080 JC Amsterdam","Zutatenverzeichnis: Zucker, fettarmer Kakao, Kakaobutter, Emulgator (SOJALECITHIN), fraktioniertes Butterfett (gehärtet), Aroma. Kakao: 32% mindestens.",1810,430,15,"8,8",67,64,5,"0,02",https://www.edeka24.de/Lebensmittel/Backen-Desserts/Backzutaten-Dekor/De-Ruijter-Schokoladenstreusel-400G.html,https://www.edeka24.de/out/pictures/generated/product/1/540_540_90/de_ruijter_schokoladenstreusel_dunkel_400g.jpg
682,Lebensmittel,Backen & Desserts,Geliermittel-Sahnefest,Dr.Oetker Sahnesteif 5ST 40G,"1,19 €","29,75 €/kg","inkl. MwSt., zzgl. 4.95 € Versandkosten.",lieferbar innerhalb von 2-5 Werktagen,2023-05-02 23:25:41.939262,-,,"Verantwortliches Lebensmittelunternehmen:
Dr. August Oetker Nahrungmittel KG, Lutterstraße 14, 33547 Bielefeld","Zutatenverzeichnis: Traubenzucker, modifizierte Stärke, Trennmittel E341.",,,,,,,,,https://www.edeka24.de/Lebensmittel/Backen-Desserts/Geliermittel-Sahnefest/Dr-Oetker-Sahnesteif-5ST-40G.html,https://www.edeka24.de/out/pictures/generated/product/1/540_540_90/steife_sahne_p1.jpg
683,Lebensmittel,Backen & Desserts,Geliermittel-Sahnefest,Dr.Oetker Tortenguss rot ungezuckert 3ST 36G,"1,09 €","30,28 €/kg","inkl. MwSt., zzgl. 4.95 € Versandkosten.",lieferbar innerhalb von 2-5 Werktagen,2023-05-02 23:25:44.738088,Tortengusspulver rot,,,"Zutatenverzeichnis: Stärke, Geliermittel (Carrageen), Säuerungsmittel (Kaliumtartrate), Festigungsmittel (Kaliumchlorid), färbendes Lebensmittel Saflorkonzentrat, Farbstoff (Echtes Karmin)",1349,318,"0,1",0,74,"2,1","0,2",1,https://www.edeka24.de/Lebensmittel/Backen-Desserts/Geliermittel-Sahnefest/Dr-Oetker-Tortenguss-rot-ungezuckert-3ST-36G.html,https://www.edeka24.de/out/pictures/generated/product/1/540_540_90/droetker_tortenguss_rot_ungezuckert.jpg
684,Lebensmittel,Backen & Desserts,Geliermittel-Sahnefest,Südzucker Gelierzucker 2 plus 1 500G,"1,49 €","2,98 €/kg","inkl. MwSt., zzgl. 4.95 € Versandkosten.",lieferbar innerhalb von 2-5 Werktagen,2023-05-02 23:25:48.581049,-,,"Verantwortliches Lebensmittelunternehmen:
Südzucker AG, Maximilianstr.10 68165 Mannheim","Zutatenverzeichnis: Zucker, Geliermittel Pektine, Säuerungsmittel Citronensäure, Konservierungsstoff Sorbinsäure",1666,392,0,g,98,98,g,"0,02",https://www.edeka24.de/Lebensmittel/Backen-Desserts/Geliermittel-Sahnefest/Suedzucker-Gelierzucker-2-plus-1-500G.html,https://www.edeka24.de/out/pictures/generated/product/1/540_540_90/sdzucker_gelierzucker_21.jpg
685,Lebensmittel,Backen & Desserts,Geliermittel-Sahnefest,Dr.Oetker Tortenguss Fix mit leckerem Erdbeer-Geschmack 50G,"1,19 €","23,80 €/kg","inkl. MwSt., zzgl. 4.95 € Versandkosten.",lieferbar innerhalb von 2-5 Werktagen,2023-05-02 23:25:52.455314,Tortengusspulver fix rot gezuckert mit Erdbeergeschmack,,"Verantwortliches Lebensmittelunternehmen:
Dr. August Oetker Nahrungsmittel KG, Lutterstraße 14, D-33617 Bielefeld","Zutatenverzeichnis: 65% Dextrose, Stärke, Säuerungsmittel Monokaliumtartrat, Verdickungsmittel Carrageen, Aroma, Festigungsmittel Kaliumchlorid, färbendes Lebensmittel Saflorkonzentrat, Farbstoff Echtes Karmin",264,62,0,0,15,11,0,"0,03",https://www.edeka24.de/Lebensmittel/Backen-Desserts/Geliermittel-Sahnefest/Dr-Oetker-Tortenguss-Fix-mit-leckerem-Erdbeer-Geschmack-50G.html,https://www.edeka24.de/out/pictures/generated/product/1/540_540_90/oetortengfix_erdbf250ml50g.jpg
686,Lebensmittel,Backen & Desserts,Geliermittel-Sahnefest,Dr.Oetker Tortenguss klar ungezuckert 3ST 36G,"1,09 €","30,28 €/kg","inkl. MwSt., zzgl. 4.95 € Versandkosten.",lieferbar innerhalb von 2-5 Werktagen,2023-05-02 23:25:56.073213,Tortengusspulver klar,,,"Zutatenverzeichnis: Stärke, Geliermittel (Carrageen (E 407)), Säuerungsmittel (Kaliumtartrate (E 336)), Festigungsmittel (Kaliumchlorid (E 508)).",1353,319,"0,1",0,74,"1,9","0,2","0,97",https://www.edeka24.de/Lebensmittel/Backen-Desserts/Geliermittel-Sahnefest/Dr-Oetker-Tortenguss-klar-ungezuckert-3ST-36G.html,https://www.edeka24.de/out/pictures/generated/product/1/540_540_90/droetker_tortenguss_klar_ungezuckert.jpg
687,Lebensmittel,Backen & Desserts,Geliermittel-Sahnefest,Müller's Mühle Perlsago 250G,"1,29 €","5,16 €/kg","inkl. MwSt., zzgl. 4.95 € Versandkosten.",lieferbar innerhalb von 2-5 Werktagen,2023-05-02 23:25:59.276412,-,"Hinweis zur Aufbewahrung: Vor Wärme geschützt, trocken und dunkel lagern.","Verantwortliches Lebensmittelunternehmen:
Müller´s Mühle GmbH, Am Stadthafen 42-50, 45881 Gelsenkirchen",Zutatenverzeichnis: Monoprodukt - 100% Sago,353,1501,"0,4","0,2",87,"0,1","0,1","0,1",https://www.edeka24.de/Lebensmittel/Backen-Desserts/Geliermittel-Sahnefest/Mueller-s-Muehle-Perlsago-250G.html,https://www.edeka24.de/out/pictures/generated/product/1/540_540_90/mller039s_mhle_perlsago.jpg
688,Lebensmittel,Backen & Desserts,Geliermittel-Sahnefest,Dr.Oetker Gelfix Classic Gelierpulver 1:1 60G,"2,29 €","38,17 €/kg","inkl. MwSt., zzgl. 4.95 € Versandkosten.",lieferbar innerhalb von 2-5 Werktagen,2023-05-02 23:26:02.545971,-,Hinweis zur Aufbewahrung: Kühl und trocken lagern.,"Verantwortliches Lebensmittelunternehmen:
Dr. August Oetker Nahrungsmittel KG, Lutterstraße 14, D-33617 Bielefeld","Zutatenverzeichnis: Säuerungsmittel (Citronensäure), Dextrose, 26% Geliermittel (Pektine), Palmöl",,,,,,,,,https://www.edeka24.de/Lebensmittel/Backen-Desserts/Geliermittel-Sahnefest/Dr-Oetker-Gelfix-Classic-Gelierpulver-1-1-60G.html,https://www.edeka24.de/out/pictures/generated/product/1/540_540_90/droetker_gelfix_classic_gelierpulver_11.jpg
689,Lebensmittel,Backen & Desserts,Geliermittel-Sahnefest,Dr.Oetker Tortencremepulver Schoko-Sahne 170G,"1,99 €","11,71 €/kg","inkl. MwSt., zzgl. 4.95 € Versandkosten.",lieferbar innerhalb von 2-5 Werktagen,2023-05-02 23:26:06.460849,Cremepulver für Tortencreme Schoko-Sahne,,"Verantwortliches Lebensmittelunternehmen:
Dr. August Oetker Nahrungsmittel KG, Lutterstraße 14, D-33617 Bielefeld","Zutatenverzeichnis: Zucker, Dextrose, 14% Schokoladenflocken dragiert (Zucker, Kakaomasse, fettarmes Kakaopulver, Kakaopulver, Flüssigzucker, Kakaobutter, Emulgator Lecithine, Glukosesirup), 13% fettarmes Kakaopulver, modifizierte Stärke, Gelatine, Kann Spuren von HASELNÜSSEN und MILCHBESTANDTEILEN enthalten",1128,272,21,12,16,15,3,"0,17",https://www.edeka24.de/Lebensmittel/Backen-Desserts/Geliermittel-Sahnefest/Dr-Oetker-Tortencremepulver-Schoko-Sahne-170G.html,https://www.edeka24.de/out/pictures/generated/product/1/540_540_90/droetker_tortencremepulver_schokosahne.jpg
691,Lebensmittel,Backen & Desserts,Geliermittel-Sahnefest,Ruf Bio Agartine 30G,"1,69 €","56,33 €/kg","inkl. MwSt., zzgl. 4.95 € Versandkosten.",lieferbar innerhalb von 2-5 Werktagen,2023-05-02 23:26:12.937256,Pflanzliches Geliermittel,,"Verantwortliches Lebensmittelunternehmen:
RUF Lebensmittelwerk KG, Oldenburger Str. 1, D-49610 Quakenbrück","Zutatenverzeichnis: Maltodextrin*, Geliermittel: Agar-Agar E406 (30 %)*. *Diese Zutaten stammen aus kontrolliert biologischem Anbau. Kann produktionsbedingt Spuren von EI, MILCH, SOJA und SCHALENFRÜCHTEN enthalten.",1341,318,"0,5","0,1",67,"5,7","0,5","0,44",https://www.edeka24.de/Lebensmittel/Backen-Desserts/Geliermittel-Sahnefest/Ruf-Bio-Agartine-30G.html,https://www.edeka24.de/out/pictures/generated/product/1/540_540_90/ruf_bio_agar_agar_2x_15g.jpg
692,Lebensmittel,Backen & Desserts,Geliermittel-Sahnefest,Dr.Oetker Super Gelierzucker 3:1 500G,"1,89 €","3,78 €/kg","inkl. MwSt., zzgl. 4.95 € Versandkosten.",lieferbar innerhalb von 2-5 Werktagen,2023-05-02 23:26:15.790586,-,Hinweis zur Aufbewahrung: Trocken lagern,"Verantwortliches Lebensmittelunternehmen:
Dr. August Oetker Nahrungsmittel KG, Lutterstraße 14, D-33617 Bielefeld","Zutatenverzeichnis: Zucker, Geliermittel (Pektine), Säuerungsmittel (Citronensäure), Konservierungsstoff (Sorbinsäure), Palmöl",599,141,"0,3",0,32,32,"0,7","0,04",https://www.edeka24.de/Lebensmittel/Backen-Desserts/Geliermittel-Sahnefest/Dr-Oetker-Super-Gelierzucker-3-1-500G.html,https://www.edeka24.de/out/pictures/generated/product/1/540_540_90/super-gelierzucker.png
693,Lebensmittel,Backen & Desserts,Geliermittel-Sahnefest,Ruf Sofortgelantine weiss 30G,"1,09 €","36,33 €/kg","inkl. MwSt., zzgl. 4.95 € Versandkosten.",lieferbar innerhalb von 2-5 Werktagen,2023-05-02 23:26:19.047753,Instantgelatine,Hinweis zur Aufbewahrung: Trocken lagern. Vor Wärme und Licht schützen.,"Verantwortliches Lebensmittelunternehmen:
RUF Lebensmittelwerk KG, D-49610 Quakenbrück","Zutatenverzeichnis: Maltodextrin, Speisegelatine (Schwein) (40 %). Kann Spuren von EI, MILCH, SOJA und SCHALENFRÜCHTEN enthalten.",387,1644,0,0,"58,7","2,5",38,"0,15",https://www.edeka24.de/Lebensmittel/Backen-Desserts/Geliermittel-Sahnefest/Ruf-Sofortgelantine-weiss-30G.html,https://www.edeka24.de/out/pictures/generated/product/1/540_540_90/rufsofortgelatinewei.jpg
694,Lebensmittel,Backen & Desserts,Geliermittel-Sahnefest,Küchle San-apart Sahnestandmittel vegan 125G,"1,39 €","11,12 €/kg","inkl. MwSt., zzgl. 4.95 € Versandkosten.",lieferbar innerhalb von 2-5 Werktagen,2023-05-02 23:26:22.190239,-,Hinweis zur Aufbewahrung: Trocken lagern.,"Verantwortliches Lebensmittelunternehmen:
W.u.H. Küchle GmbH & Co KG, D-89303 Günzburg, Postfach 1336","Zutatenverzeichnis: Zucker, WEIZENMEHL, Stärke.",1637,389,"0,39","0,18",92,66,"3,2","0,01",https://www.edeka24.de/Lebensmittel/Backen-Desserts/Geliermittel-Sahnefest/Kuechle-San-apart-Sahnestandmittel-vegan-125G.html,https://www.edeka24.de/out/pictures/generated/product/1/540_540_90/unbenannt(10).png
695,Lebensmittel,Backen & Desserts,Geliermittel-Sahnefest,EDEKA Blattgelatine 20G,"0,89 €","44,50 €/kg","inkl. MwSt., zzgl. 4.95 € Versandkosten.",lieferbar innerhalb von 2-5 Werktagen (geringer Lagerbestand),2023-05-02 23:26:25.417870,-,,"Verantwortliches Lebensmittelunternehmen:
EDEKA ZENTRALE Stiftung & Co. KG, D-22291 Hamburg",Zutatenverzeichnis: Schweinegelatine.,1513,356,0,0,0,0,"89,0","1,2",https://www.edeka24.de/Lebensmittel/Backen-Desserts/Geliermittel-Sahnefest/EDEKA-Blattgelatine-20G.html,https://www.edeka24.de/out/pictures/generated/product/1/540_540_90/gutampampgamp220nstig_blattgelatine_20g.jpg
696,Lebensmittel,Backen & Desserts,Geliermittel-Sahnefest,Dr.Oetker Gelfix Super Gelierpulver 3:1 50G,"2,29 €","45,80 €/kg","inkl. MwSt., zzgl. 4.95 € Versandkosten.",lieferbar innerhalb von 2-5 Werktagen,2023-05-02 23:26:28.560741,-,Hinweis zur Aufbewahrung: Kühl und trocken lagern.,"Verantwortliches Lebensmittelunternehmen:
Dr. August Oetker Nahrungsmittel KG, Lutterstraße 14, D-33617 Bielefeld","Zutatenverzeichnis: Dextrose, 24% Geliermittel (Pektine), Säuerungsmittel (Citronensäure), Konservierungsstoff (Sorbinsäure), Palmöl",,,,,,,,,https://www.edeka24.de/Lebensmittel/Backen-Desserts/Geliermittel-Sahnefest/Dr-Oetker-Gelfix-Super-Gelierpulver-3-1-50G.html,https://www.edeka24.de/out/pictures/generated/product/1/540_540_90/droetker_gelfix_super_gelierpulver_31.jpg
697,Lebensmittel,Backen & Desserts,Geliermittel-Sahnefest,Dr.Oetker Gelatine gemahlen weiss Gold extra 3ST 27G,"1,89 €","70,00 €/kg","inkl. MwSt., zzgl. 4.95 € Versandkosten.",lieferbar innerhalb von 2-5 Werktagen,2023-05-02 23:26:31.451110,-,,"Verantwortliches Lebensmittelunternehmen:
Dr. August Oetker Nahrungmittel KG, Lutterstraße 14, 33547 Bielefeld",Zutatenverzeichnis: Gelatine,,,,,,,,,https://www.edeka24.de/Lebensmittel/Backen-Desserts/Geliermittel-Sahnefest/Dr-Oetker-Gelatine-gemahlen-weiss-Gold-extra-3ST-27G.html,https://www.edeka24.de/out/pictures/generated/product/1/540_540_90/oegelatine_weiss_gemahlen_3er.jpg
698,Lebensmittel,Backen & Desserts,Geliermittel-Sahnefest,Dr.Oetker Gelfix Extra Gelierpulver 2:1 50G,"2,29 €","45,80 €/kg","inkl. MwSt., zzgl. 4.95 € Versandkosten.",lieferbar innerhalb von 2-5 Werktagen,2023-05-02 23:26:34.468502,-,Hinweis zur Aufbewahrung: Kühl und trocken lagern.,"Verantwortliches Lebensmittelunternehmen:
Dr. August Oetker Nahrungsmittel KG, Lutterstraße 14, D-33617 Bielefeld","Zutatenverzeichnis: Dextrose, 27% Geliermittel (Pektine), Säuerungsmittel (Citronensäure), Konservierungsstoff (Sorbinsäure), Palmöl",,,,,,,,,https://www.edeka24.de/Lebensmittel/Backen-Desserts/Geliermittel-Sahnefest/Dr-Oetker-Gelfix-Extra-Gelierpulver-2-1-50G.html,https://www.edeka24.de/out/pictures/generated/product/1/540_540_90/droetker_gelfix_extra_gelierpulver_21.jpg
699,Lebensmittel,Backen & Desserts,Geliermittel-Sahnefest,Dr.Oetker Gelierzucker für Erdbeerkonfitüre 500G,"2,29 €","4,58 €/kg","inkl. MwSt., zzgl. 4.95 € Versandkosten.",lieferbar innerhalb von 2-5 Werktagen,2023-05-02 23:26:37.933887,-,Hinweis zur Aufbewahrung: Trocken lagern,"Verantwortliches Lebensmittelunternehmen:
Dr. August Oetker Nahrungsmittel KG, Lutterstraße 14, D-33617 Bielefeld","Zutatenverzeichnis: Zucker, Geliermittel Pektine, Säuerungsmittel Citronensäure, Konservierungsstoff Sorbinsäure, Palmöl",164,695,"0,3",0,"38,2","38,2","0,6","0,03",https://www.edeka24.de/Lebensmittel/Backen-Desserts/Geliermittel-Sahnefest/Dr-Oetker-Gelierzucker-fuer-Erdbeerkonfituere-500G.html,https://www.edeka24.de/out/pictures/generated/product/1/540_540_90/droetker_gelierzucker_fr_erdbeerkonfitre_500_g.jpg
700,Lebensmittel,Backen & Desserts,Geliermittel-Sahnefest,Dr.Oetker Gelierzucker mit Süßungsmittel aus Stevia 350G,"2,49 €","7,11 €/kg","inkl. MwSt., zzgl. 4.95 € Versandkosten.",lieferbar innerhalb von 2-5 Werktagen,2023-05-02 23:26:41.618139,"Gelierzucker, mit Zucker und Süßungsmittel",Hinweis zur Aufbewahrung: Trocken lagern,"Verantwortliches Lebensmittelunternehmen:
DR. AUGUST OETKER NAHRUNGSMITTEL KG, 33547 Bielefeld","Zutatenverzeichnis: Zucker, Geliermittel Pektine, Säuerungsmittel Citronensäure, Konservierungsstoff Sorbinsäure, Süßungsmittel Steviolglycoside, Palmöl",145,614,"0,3",0,"32,7","32,6","0,7",0,https://www.edeka24.de/Lebensmittel/Backen-Desserts/Geliermittel-Sahnefest/Dr-Oetker-Gelierzucker-mit-Suessungsmittel-aus-Stevia-350G.html,https://www.edeka24.de/out/pictures/generated/product/1/540_540_90/oegelierzucker_mstevia_350g.jpg
701,Lebensmittel,Backen & Desserts,Kuvertüre-Glasur,EDEKA Vollmilch Schokoladen Couverture 200G,"1,29 €","6,45 €/kg","inkl. MwSt., zzgl. 4.95 € Versandkosten.",lieferbar innerhalb von 2-5 Werktagen,2023-05-02 23:26:45.091890,"Vollmilch-Schokoladenkuvertüre, Kakao:39% mindestens",Hinweis zur Aufbewahrung: Vor Wärme geschützt und trocken lagern.,"Verantwortliches Lebensmittelunternehmen:
EDEKA ZENTRALE Stiftung & Co. KG, D-22291 Hamburg","Zutatenverzeichnis: Zucker, Kakaomasse**, VOLLMILCHPULVER, Kakaobutter**, Emulgator: Lecithine (enthält SOJA); 0,04% Vanilleextrakt. Das Produkt kann Spuren von EIERN, ERDNÜSSEN, GLUTEN und SCHALENFRÜCHTEN enthalten. **Rainforest Alliance-zertifiziert",2284,548,34,21,51,48,"7,3","0,2",https://www.edeka24.de/Lebensmittel/Backen-Desserts/Kuvertuere-Glasur/EDEKA-Vollmilch-Schokoladen-Couverture-200G.html,https://www.edeka24.de/out/pictures/generated/product/1/540_540_90/edeka_couverture_vollmilch_200g.jpg
702,Lebensmittel,Backen & Desserts,Kuvertüre-Glasur,EDEKA Zartbitter Schokoladen Couverture 200G,"1,29 €","6,45 €/kg","inkl. MwSt., zzgl. 4.95 € Versandkosten.",lieferbar innerhalb von 2-5 Werktagen,2023-05-02 23:26:47.936560,"Zatbitter-Schokoladenkuvertüre, Kakao: 60% mindestens",Hinweis zur Aufbewahrung: Vor Wärme geschützt und trocken lagern.,"Verantwortliches Lebensmittelunternehmen:
EDEKA ZENTRALE Stiftung & Co. KG, D-22291 Hamburg","Zutatenverzeichnis: Kakaomasse**, Zucker, Kakaobutter**, fettarmes Kakaopulver**, BUTTERREINFETT, Emulgator: Lecithine (enthält SOJA); 0,06% Vanilleextrakt.Das Produkt kann Spuren von EIERN, ERDNÜSSEN, GLUTEN und SCHALENFRÜCHTEN enthalten. **Rainforest Alliance-zertifiziert",2145,516,32,20,42,39,"8,4",0,https://www.edeka24.de/Lebensmittel/Backen-Desserts/Kuvertuere-Glasur/EDEKA-Zartbitter-Schokoladen-Couverture-200G.html,https://www.edeka24.de/out/pictures/generated/product/1/540_540_90/edeka_couverture_zartbitter_200g.jpg
703,Lebensmittel,Backen & Desserts,Kuvertüre-Glasur,Wawi Blockschokolade 200G,"1,29 €","6,45 €/kg","inkl. MwSt., zzgl. 4.95 € Versandkosten.",lieferbar innerhalb von 2-5 Werktagen,2023-05-02 23:26:51.206439,"Blockschokolade Zartbitter, Kakao: 48% mindestens.",Hinweis zur Aufbewahrung: kühl und trocken lagern,"Verantwortliches Lebensmittelunternehmen:
WAWI-Euro GmbH, Industriegebiet im Geierspiel, 66981 Münchweiler","Zutatenverzeichnis: Zucker, Kakaomasse, Kakaobutter, Emulgatoren (SOJALECITHINE, E476), natürliches Aroma.",531,2212,31,20,53,50,6,"0,01",https://www.edeka24.de/Lebensmittel/Backen-Desserts/Kuvertuere-Glasur/Wawi-Blockschokolade-200G.html,https://www.edeka24.de/out/pictures/generated/product/1/540_540_90/wawi_blockschokolade_zb_200g.jpg
704,Lebensmittel,Backen & Desserts,Kuvertüre-Glasur,EDEKA Nussnougat schnittfeste Masse 200G,"2,79 €","13,95 €/kg","inkl. MwSt., zzgl. 4.95 € Versandkosten.",lieferbar innerhalb von 2-5 Werktagen,2023-05-02 23:26:54.795766,"Nussnugatmasse, schnittfest",Hinweis zur Aufbewahrung: Vor Wärme geschützt und trocken lagern.,"Verantwortliches Lebensmittelunternehmen:
EDEKA ZENTRALE Stiftung & Co. KG, D-22291 Hamburg","Zutatenverzeichnis: Zucker, 32% HASELNUSSMARK, Kakaomasse, Kakaobutter, MAGERMILCHPULVER, Emulgator: Lecithine. Das Produkt kann Spuren von GLUTEN, EI, SOJA und anderen SCHALENFRÜCHTEN enthalten.",2204,528,"30,1","7,7","55,3","52,9","6,8","0,05",https://www.edeka24.de/Lebensmittel/Backen-Desserts/Kuvertuere-Glasur/EDEKA-Nussnougat-schnittfeste-Masse-200G.html,https://www.edeka24.de/out/pictures/generated/product/1/540_540_90/edeka_nussnougat_schnittfeste_masse.jpg
705,Lebensmittel,Backen & Desserts,Kuvertüre-Glasur,EDEKA Weiße Schokoladen Couvertüre 200G,"1,29 €","6,45 €/kg","inkl. MwSt., zzgl. 4.95 € Versandkosten.",lieferbar innerhalb von 2-5 Werktagen,2023-05-02 23:26:58.611024,Weiße Schokolade,Hinweis zur Aufbewahrung: Vor Wärme geschützt und trocken lagern.,"Verantwortliches Lebensmittelunternehmen:
EDEKA ZENTRALE Stiftung & Co. KG, D-22291 Hamburg","Zutatenverzeichnis: Zucker, Kakaobutter**, VOLLMILCHPULVER, SÜßMOLKENPULVER, Emulgator: Lecithine (enthält SOJA); 0,4% Vanilleextrakt. Das Produkt kann Spuren von EIERN, GLUTEN, ERDNÜSSEN und SCHALENFRÜCHTEN enthalten. ** Rainforest-Alliance zertifiziert",2250,539,31,19,60,60,"4,9","0,3",https://www.edeka24.de/Lebensmittel/Backen-Desserts/Kuvertuere-Glasur/EDEKA-Weisse-Schokoladen-Couvertuere-200G.html,https://www.edeka24.de/out/pictures/generated/product/1/540_540_90/edeka_couverture_weiamp223_200g.jpg
706,Lebensmittel,Backen & Desserts,Kuvertüre-Glasur,Dr.Oetker Haselnuss Glasur 150G,"2,39 €","15,93 €/kg","inkl. MwSt., zzgl. 4.95 € Versandkosten.",lieferbar innerhalb von 2-5 Werktagen,2023-05-02 23:27:02.071299,Kakaohaltige Haselnuss-Fettglasur mit knusprigen Waffelstückchen,Hinweis zur Aufbewahrung: Bei Zimmertemperatur und trocken lagern.,"Verantwortliches Lebensmittelunternehmen:
Dr. August Oetker Nahrungsmittel KG, Lutterstraße 14, D-33617 Bielefeld","Zutatenverzeichnis: Zucker, Palmöl, 8% HASELNUSSMARK, 5% Waffel (Kartoffelstärke, Zucker, Kichererbsenmehl, Maismehl, Kokosfett, Emulgator (Lecithine), Salz, Aroma), 1,7% fettarmes Kakaopulver, Emulgator (Sonnenblumenlecithine). Kann MILCH, SOJA und weitere SCHALENFRÜCHTE (NÜSSE) enthalten.",2480,596,40,29,56,52,2,"0,02",https://www.edeka24.de/Lebensmittel/Backen-Desserts/Kuvertuere-Glasur/Dr-Oetker-Haselnuss-Glasur-150G.html,https://www.edeka24.de/out/pictures/generated/product/1/540_540_90/droetker_haselnuss_glasur_150g.jpg
707,Lebensmittel,Backen & Desserts,Kuvertüre-Glasur,Dr.Oetker Nuss-Nougat 200G,"3,69 €","18,45 €/kg","inkl. MwSt., zzgl. 4.95 € Versandkosten.",lieferbar innerhalb von 2-5 Werktagen,2023-05-02 23:27:05.347760,Nuss-Nougat - Schnittfeste Masse,Hinweis zur Aufbewahrung: Kühl und trocken lagern.,"Verantwortliches Lebensmittelunternehmen:
DR. AUGUST OETKER NAHRUNGSMITTEL KG, 33547 Bielefeld","Zutatenverzeichnis: Zucker, 30% HASELNÜSSE, Kakaomasse, MAGERMILCHPULVER, Kakaobutter, Emulgator (Lecithine). Kann enthalten: MANDELN undweitere SCHALENFRÜCHTE (NÜSSE).",2216,531,30,"7,7",55,52,"7,4","0,09",https://www.edeka24.de/Lebensmittel/Backen-Desserts/Kuvertuere-Glasur/Dr-Oetker-Nuss-Nougat-200G.html,https://www.edeka24.de/out/pictures/generated/product/1/540_540_90/droetker_nussnougat_200g.jpg
708,Lebensmittel,Backen & Desserts,Kuvertüre-Glasur,Insula Kuchenglasur Kakao 150G,"2,20 €","14,67 €/kg","inkl. MwSt., zzgl. 4.95 € Versandkosten.",lieferbar innerhalb von 2-5 Werktagen,2023-05-02 23:27:09.157184,Kakaohaltige Speisefettglasur,,"Verantwortliches Lebensmittelunternehmen:
Gustav Essig GmbH & Co.KG, Forster Str. 8, 68309 Mannheim","Zutatenverzeichnis: Zucker, Palmfett (teilweise gehärtet), fettarmer Kakao (13%), Emulgator: Sonnenblumenlecithin, Aroma: Vanillin. Kann HASELNÜSSE enthalten.",591,2445,43,24,47,45,3,"0,01",https://www.edeka24.de/Lebensmittel/Backen-Desserts/Kuvertuere-Glasur/Insula-Kuchenglasur-Kakao-150G.html,https://www.edeka24.de/out/pictures/generated/product/1/540_540_90/insula.jpg
709,Lebensmittel,Backen & Desserts,Kuvertüre-Glasur,Alnatura Bio Kuvertüre Zartbitter 150G,"2,49 €","16,60 €/kg","inkl. MwSt., zzgl. 4.95 € Versandkosten.",lieferbar innerhalb von 2-5 Werktagen,2023-05-02 23:27:13.051082,Bio Zartbitter-Schokoladenkuvertüre,Hinweis zur Aufbewahrung: Bitte trocken lagern und vor Wärme schützen.,"Verantwortliches Lebensmittelunternehmen:
Alnatura GmbH, Mahatma-Gandhi-Straße 7, 64295 Darmstadt","Zutatenverzeichnis: Kakaomasse*, Rohrohrzucker*, Kakaobutter*. Kann Spuren von GLUTEN, MILCH, MANDEL, HASELNUSS, PECANUSS und PISTAZIE enthalten. *aus biologischer Landwirtschaft",2346,564,39,25,44,40,"5,2","0,01",https://www.edeka24.de/Lebensmittel/Backen-Desserts/Kuvertuere-Glasur/Alnatura-Bio-Kuvertuere-Zartbitter-150G.html,https://www.edeka24.de/out/pictures/generated/product/1/540_540_90/bio_alnatura_kuvertamp252re_zartbitter_150g.jpg
710,Lebensmittel,Backen & Desserts,Kuvertüre-Glasur,EDEKA Helle Kuchenglasur 100G,"1,29 €","12,90 €/kg","inkl. MwSt., zzgl. 4.95 € Versandkosten.",lieferbar innerhalb von 2-5 Werktagen,2023-05-02 23:27:16.912153,Kakaohaltige Fettglasur mit Vollmilchpulver,Hinweis zur Aufbewahrung: Vor Wärme geschützt und trocken lagern.,"Verantwortliches Lebensmittelunternehmen:
EDEKA ZENTRALE Stiftung & Co. KG, D-22291 Hamburg","Zutatenverzeichnis: Zucker, pflanzliche Fette (Palmkern, Palm), 10% VOLLMILCHPULVER, Kokosnussöl, mageres Kakaopulver, Emulgator: E442, E476. Das Produkt kann Spuren von SOJA und SCHALENFRÜCHTEN enthalten.",584,2433,"39,5","35,2","52,1","51,5",4,"0,1",https://www.edeka24.de/Lebensmittel/Backen-Desserts/Kuvertuere-Glasur/EDEKA-Helle-Kuchenglasur-100G.html,https://www.edeka24.de/out/pictures/generated/product/1/540_540_90/edeka_helle_kuchenglasur(1).jpg
711,Lebensmittel,Backen & Desserts,Kuvertüre-Glasur,Dr.Oetker Joghurt Glasur 150G,"1,20 €","8,00 €/kg","inkl. MwSt., zzgl. 4.95 € Versandkosten.",lieferbar innerhalb von 2-5 Werktagen,2023-05-02 23:27:19.923978,Joghurt-Fettglasur,Hinweis zur Aufbewahrung: Bei Zimmertemperatur und trocken lagern.,"Verantwortliches Lebensmittelunternehmen:
Dr. August Oetker Nahrungsmittel KG, Lutterstraße 14, D-33617 Bielefeld","Zutatenverzeichnis: Zucker, Palmöl, 11% MAGERMILCHJOGHURTPULVER, SAHNEPULVER, MAGERMILCHPULVER, Emulgator (Lecithine), Säureregulator (Citronensäure). Kann HASELNÜSSE enthalten.",2466,592,41,33,49,49,"6,1","0,24",https://www.edeka24.de/Lebensmittel/Backen-Desserts/Kuvertuere-Glasur/Dr-Oetker-Joghurt-Glasur-150G.html,https://www.edeka24.de/out/pictures/generated/product/1/540_540_90/droetker_joghurt_glasur_150g.jpg
712,Lebensmittel,Backen & Desserts,Kuvertüre-Glasur,Alnatura Bio Kakaobutter mild 100G,"3,29 €","32,90 €/kg","inkl. MwSt., zzgl. 4.95 € Versandkosten.",lieferbar innerhalb von 2-5 Werktagen,2023-05-02 23:27:23.524265,-,Hinweis zur Aufbewahrung: Bitte trocken lagern und vor Wäme schützen.,"Verantwortliches Lebensmittelunternehmen:
Alnatura GmbH, Mahatma-Gandhi-Straße 7, 64295 Darmstadt",Zutatenverzeichnis: Kakaobutter* *aus biologischer Landwirtschaft .,3700,900,100,60,0,0,0,0,https://www.edeka24.de/Lebensmittel/Backen-Desserts/Kuvertuere-Glasur/Alnatura-Bio-Kakaobutter-mild-100G.html,https://www.edeka24.de/out/pictures/generated/product/1/540_540_90/alnatura_bio_kakaobutter_mild_100_g.jpg
713,Lebensmittel,Backen & Desserts,Kuvertüre-Glasur,EDEKA Dunkle Kuchenglasur 100G,"1,29 €","12,90 €/kg","inkl. MwSt., zzgl. 4.95 € Versandkosten.",lieferbar innerhalb von 2-5 Werktagen,2023-05-02 23:27:27.266178,Kakaohaltige Fettglasur,Hinweis zur Aufbewahrung: Vor Wärme geschützt und trocken lagern.,"Verantwortliches Lebensmittelunternehmen:
EDEKA ZENTRALE Stiftung & Co. KG, D-22291 Hamburg","Zutatenverzeichnis: Zucker, pflanzliches Fett (Palm, Palmkern), 19% mageres Kakaopulver, 3% Edelkakaomasse (Arriba), Emulgator: E422, Vanillearoma. Das Produkt kann Spuren von SOJA und MILCH enthalten.",573,2382,"40,8","36,2","42,7","40,8","5,3","0,55",https://www.edeka24.de/Lebensmittel/Backen-Desserts/Kuvertuere-Glasur/EDEKA-Dunkle-Kuchenglasur-100G.html,https://www.edeka24.de/out/pictures/generated/product/1/540_540_90/edeka_dunkle_kuchenglasur_100_g.jpg
714,Lebensmittel,Backen & Desserts,Kuvertüre-Glasur,Alnatura Bio Chocolat 64% Cacao 150G,"2,39 €","15,93 €/kg","inkl. MwSt., zzgl. 4.95 € Versandkosten.",lieferbar innerhalb von 2-5 Werktagen,2023-05-02 23:27:30.860811,Bio Zartbitterschokolade,Hinweis zur Aufbewahrung: Bitte trocken lagern und vor Wärme schützen.,"Verantwortliches Lebensmittelunternehmen:
Alnatura GmbH, Mahatma-Gandhi-Straße 7, 64295 Darmstadt","Zutatenverzeichnis: Kakaomasse*, Rohrohrzucker*, Kakaobutter*, BUTTERREINFETT*, Bourbonvanilleextrakt* . Kann Spuren von GLUTEN, MANDEL, HASELNUSS, PECANUSS und PISTAZIE enthalten. *aus biologischer Landwirtschaft",2313,557,39,25,39,33,7,"0,02",https://www.edeka24.de/Lebensmittel/Backen-Desserts/Kuvertuere-Glasur/Alnatura-Bio-Chocolat-64-Cacao-150G.html,https://www.edeka24.de/out/pictures/generated/product/1/540_540_90/bio_alnatura_chocolat_64_cacao_150g.jpg
715,Lebensmittel,Backen & Desserts,Kuvertüre-Glasur,Dr.Oetker Kuchenglasur Hell 150G,"2,19 €","14,60 €/kg","inkl. MwSt., zzgl. 4.95 € Versandkosten.",lieferbar innerhalb von 2-5 Werktagen,2023-05-02 23:27:34.368988,Kakaohaltige Fettglasur hell,Hinweis zur Aufbewahrung: Kühl und trocken lagern.,"Verantwortliches Lebensmittelunternehmen:
Dr. August Oetker Nahrungsmittel KG, Lutterstraße 14, D-33617 Bielefeld","Zutatenverzeichnis: Palmöl, Zucker, 4,6% fettarmes Kakaopulver, VOLLMILCHPULVER, SAHNEPULVER, MAGERMILCHPULVER, Emulgator (Lecithine). Kann enthalten: HASELNÜSSE.",2574,619,46,37,46,45,"4,2","0,14",https://www.edeka24.de/Lebensmittel/Backen-Desserts/Kuvertuere-Glasur/Dr-Oetker-Kuchenglasur-Hell-150G.html,https://www.edeka24.de/out/pictures/generated/product/1/540_540_90/droetker_kuchenglasur_hell_150g.jpg
716,Lebensmittel,Backen & Desserts,Mehl-Backpulver-Hefe,Gut & Günstig Weizenmehl Type 405 1KG,"0,99 €","0,99 €/kg","inkl. MwSt., zzgl. 4.95 € Versandkosten.",lieferbar innerhalb von 2-5 Werktagen,2023-05-02 23:27:37.997607,-,Hinweis zur Aufbewahrung: Vor Wärme geschützt und trocken lagern.,"Verantwortliches Lebensmittelunternehmen:
EDEKA ZENTRALE AG & Co. KG, New York Ring 6, D-22297 Hamburg",,1438,339,1,"0,2",69,"0,4","11,5","0,05",https://www.edeka24.de/Lebensmittel/Backen-Desserts/Mehl-Backpulver-Hefe/Gut-Guenstig-Weizenmehl-Type-405-1KG.html,https://www.edeka24.de/out/pictures/generated/product/1/540_540_90/gut_amp_gnstig_weizenmehl_type_405.jpg
718,Lebensmittel,Backen & Desserts,Mehl-Backpulver-Hefe,Alnatura Bio Backpulver Reinweinstein 4ST 72G,"1,19 €","16,53 €/kg","inkl. MwSt., zzgl. 4.95 € Versandkosten.",lieferbar innerhalb von 2-5 Werktagen,2023-05-02 23:27:44.775306,"Bio Reinweinstein-Backpulver, glutenfrei",Hinweis zur Aufbewahrung: Bitte trocken lagern und vor Wärme schützen.,"Verantwortliches Lebensmittelunternehmen:
Alnatura GmbH, Mahatma-Gandhi-Straße 7, 64295 Darmstadt","Zutatenverzeichnis: Maisstärke*, Säuerungsmittel: Monokaliumtartrat (Reinweinstein) 25%, Backtriebmittel: Natriumhydrogencarbonat (Natron) *aus biologischer Landwirtschaft .",1004,235,"0,5","0,1",44,"0,5","0,5","17,5",https://www.edeka24.de/Lebensmittel/Backen-Desserts/Mehl-Backpulver-Hefe/Alnatura-Bio-Backpulver-Reinweinstein-4ST-72G.html,https://www.edeka24.de/out/pictures/generated/product/1/540_540_90/bio_alnatura_reinweinstein_backpulver_72g.jpg
719,Lebensmittel,Backen & Desserts,Mehl-Backpulver-Hefe,EDEKA Bio Weizenmehl Type 550 1KG,"0,99 €","0,99 €/kg","inkl. MwSt., zzgl. 4.95 € Versandkosten.",lieferbar innerhalb von 2-5 Werktagen,2023-05-02 23:27:48.523181,Weizenmehl Type 550,Hinweis zur Aufbewahrung: Trocken lagern. Vor Wärme und Fremdgerüchen schützen.,"Verantwortliches Lebensmittelunternehmen:
EDEKA ZENTRALE Stiftung & Co. KG, D-22291 Hamburg",,1479,349,"1,1","0,2",72,"1,1","10,6","0,005",https://www.edeka24.de/Lebensmittel/Backen-Desserts/Mehl-Backpulver-Hefe/EDEKA-Bio-Weizenmehl-Type-550-1KG.html,https://www.edeka24.de/out/pictures/generated/product/1/540_540_90/edeka_bio_weizenmehl_type_550.jpg
720,Lebensmittel,Backen & Desserts,Mehl-Backpulver-Hefe,Leimer Paniermehl 400G,"1,59 €","3,98 €/kg","inkl. MwSt., zzgl. 4.95 € Versandkosten.",lieferbar innerhalb von 2-5 Werktagen,2023-05-02 23:27:51.955001,Paniermehl,Hinweis zur Aufbewahrung: Trocken lagern. Vor Licht schützen.,"Verantwortliches Lebensmittelunternehmen:
LEIMER KG, Kotzinger Strasse 1 D-83278 Traunstein","Zutatenverzeichnis: WEIZENMEHL, Hefe, Salz",1505,355,"1,5","0,4",69,3,"13,6","1,5",https://www.edeka24.de/Lebensmittel/Backen-Desserts/Mehl-Backpulver-Hefe/Leimer-Paniermehl-400G.html,https://www.edeka24.de/out/pictures/generated/product/1/540_540_90/leipaniermehl_400g.jpg
721,Lebensmittel,Backen & Desserts,Mehl-Backpulver-Hefe,Goldpuder Weizenmehl Type 405 1000G,"1,69 €","1,69 €/kg","inkl. MwSt., zzgl. 4.95 € Versandkosten.",lieferbar innerhalb von 2-5 Werktagen,2023-05-02 23:27:55.487248,Weizenmehl T405,Hinweis zur Aufbewahrung: Kühl und trocken lagern.,"Verantwortliches Lebensmittelunternehmen:
Aurora Mühlen GmbH, Trettaustraße 49 21107 Hamburg",Zutatenverzeichnis: Zutaten: WEIZENMEHL.,343,1453,1,"0,1",72,"0,7",10,"0,01",https://www.edeka24.de/Lebensmittel/Backen-Desserts/Mehl-Backpulver-Hefe/Goldpuder-Weizenmehl-Type-405-1000G.html,https://www.edeka24.de/out/pictures/generated/product/1/540_540_90/goldpuder_weizenmehl_type_405.jpg
722,Lebensmittel,Backen & Desserts,Mehl-Backpulver-Hefe,Goldpuder Weichweizen-Grieß 500G,"1,39 €","2,78 €/kg","inkl. MwSt., zzgl. 4.95 € Versandkosten.",lieferbar innerhalb von 2-5 Werktagen,2023-05-02 23:27:59.490011,-,Hinweis zur Aufbewahrung: Kühl und trocken lagern.,"Verantwortliches Lebensmittelunternehmen:
Aurora Mühlen GmbH, Trettaustraße 49 21107 Hamburg",Zutatenverzeichnis: WEICHWEIZENGRIESS,1435,339,"0,8","0,1",69,"1,9",10,"0,01",https://www.edeka24.de/Lebensmittel/Backen-Desserts/Mehl-Backpulver-Hefe/Goldpuder-Weichweizen-Griess-500G.html,https://www.edeka24.de/out/pictures/generated/product/1/540_540_90/goldpuderweichweizengrie(2).jpg
723,Lebensmittel,Backen & Desserts,Mehl-Backpulver-Hefe,Dr.Oetker Haus Natron 5ST 25G,"0,99 €","39,60 €/kg","inkl. MwSt., zzgl. 4.95 € Versandkosten.",lieferbar innerhalb von 2-5 Werktagen,2023-05-02 23:28:02.882956,-,,"Verantwortliches Lebensmittelunternehmen:
Dr. August Oetker Nahrungsmittel KG, Lutterstraße 14, D-33617 Bielefeld",Zutatenverzeichnis: Natriumhydrogencarbonat (E 500),,,,,,,,,https://www.edeka24.de/Lebensmittel/Backen-Desserts/Mehl-Backpulver-Hefe/Dr-Oetker-Haus-Natron-5ST-25G.html,https://www.edeka24.de/out/pictures/generated/product/1/540_540_90/natron5er.jpg
724,Lebensmittel,Backen & Desserts,Mehl-Backpulver-Hefe,Alnatura Bio Dinkel Semmelbrösel Paniermehl 200G,"1,59 €","7,95 €/kg","inkl. MwSt., zzgl. 4.95 € Versandkosten.",lieferbar innerhalb von 2-5 Werktagen,2023-05-02 23:28:05.983638,-,Hinweis zur Aufbewahrung: Bitte trocken lagern und vor Wärme schützen,"Verantwortliches Lebensmittelunternehmen:
Alnatura Produktions- und Handels GmbH, Mahatma-Gandhi-Str. 7, 64295 Darmstadt","Zutatenverzeichnis: DINKELMEHL*, Hefe* *aus biologischer Landwirtschaft . Kann Spuren von ERDNUSS, SOJA, MILCH, MANDEL, NÜSSEN, SESAM und LUPINE enthalten.",1455,343,"1,3","0,1",69,4,12,"0,02",https://www.edeka24.de/Lebensmittel/Backen-Desserts/Mehl-Backpulver-Hefe/Alnatura-Bio-Dinkel-Semmelbroesel-Paniermehl-200G.html,https://www.edeka24.de/out/pictures/generated/product/1/540_540_90/bio_alnadinsemmelbroesel200g.jpg
725,Lebensmittel,Backen & Desserts,Mehl-Backpulver-Hefe,Alnatura Bio Dinkelmehl Type 1050 1KG,"2,79 €","2,79 €/kg","inkl. MwSt., zzgl. 4.95 € Versandkosten.",lieferbar innerhalb von 2-5 Werktagen,2023-05-02 23:28:09.740558,-,Hinweis zur Aufbewahrung: Bitte trocken lagern und vor Wärme schützen.,"Verantwortliches Lebensmittelunternehmen:
Alnatura GmbH, Darmstädter Str. 63, 64404 Bickenbach","Zutatenverzeichnis: DINKELMEHL* Type 1050 *aus biologischer Landwirtschaft . Kann Spuren von SOJA, MILCH, MANDEL, NÜSSEN, SELLERIE und SESAM enthalten.",1461,345,"2,1","0,3",67,"0,8",12,"0,01",https://www.edeka24.de/Lebensmittel/Backen-Desserts/Mehl-Backpulver-Hefe/Alnatura-Bio-Dinkelmehl-Type-1050-1KG.html,https://www.edeka24.de/out/pictures/generated/product/1/540_540_90/bio_alnatura_dinkelmehl_type_1050_1kg.jpg
726,Lebensmittel,Backen & Desserts,Mehl-Backpulver-Hefe,Alnatura Bio Dinkelvollkornmehl 1KG,"2,49 €","2,49 €/kg","inkl. MwSt., zzgl. 4.95 € Versandkosten.",lieferbar innerhalb von 2-5 Werktagen,2023-05-02 23:28:13.297126,-,Hinweis zur Aufbewahrung: Bitte trocken lagern und vor Wärme schützen.,"Verantwortliches Lebensmittelunternehmen:
Alnatura GmbH, Mahatma-Gandhi-Straße 7, 64295 Darmstadt","Zutatenverzeichnis: DINKELVOLLKORNMEHL*¹ *aus biologischer Landwirtschaft ¹Dinkel ist eine Urweizenart. Kann Spuren von SOJA, MILCH, MANDEL, NÜSSEN, SELLERIE und SESAM enthalten.",1489,352,"2,6","0,2",64,"1,2",14,"0,01",https://www.edeka24.de/Lebensmittel/Backen-Desserts/Mehl-Backpulver-Hefe/Alnatura-Bio-Dinkelvollkornmehl-1KG.html,https://www.edeka24.de/out/pictures/generated/product/1/540_540_90/alnatura_bio_dinkelvollkornmehl.jpg
727,Lebensmittel,Backen & Desserts,Mehl-Backpulver-Hefe,Alnatura Bio Roggenvollkornmehl 1KG,"1,89 €","1,89 €/kg","inkl. MwSt., zzgl. 4.95 € Versandkosten.",lieferbar innerhalb von 2-5 Werktagen,2023-05-02 23:28:16.998343,-,Hinweis zur Aufbewahrung: Bitte trocken lagern und vor Wärme schützen.,"Verantwortliches Lebensmittelunternehmen:
Alnatura GmbH, Mahatma-Gandhi-Straße 7, 64295 Darmstadt","Zutatenverzeichnis: ROGGENVOLLKORNMEHL* *aus Demeter-Landbau . Kann Spuren von SOJA, MILCH, MANDEL, NÜSSEN, SELLERIE und SESAM enthalten.",1372,325,"1,7","0,2",62,"1,1","8,4","0,01",https://www.edeka24.de/Lebensmittel/Backen-Desserts/Mehl-Backpulver-Hefe/Alnatura-Bio-Roggenvollkornmehl-1KG.html,https://www.edeka24.de/out/pictures/generated/product/1/540_540_90/alnatura_bio_roggenvollkornmehl.jpg
728,Lebensmittel,Backen & Desserts,Mehl-Backpulver-Hefe,Alnatura Bio Weizenvollkornmehl 1KG,"1,69 €","1,69 €/kg","inkl. MwSt., zzgl. 4.95 € Versandkosten.",lieferbar innerhalb von 2-5 Werktagen,2023-05-02 23:28:20.599982,-,Hinweis zur Aufbewahrung: Bitte trocken lagern.,"Verantwortliches Lebensmittelunternehmen:
Alnatura Produktions- und Handels GmbH, Mahatma-Gandhi-Str. 7, 64295 Darmstadt","Zutatenverzeichnis: WEIZENVOLLKORNMEHL* *aus biologischer Landwirtschaft. Kann Spuren von SOJA, MILCH, MANDEL, NÜSSEN, SELLERIE und SESAM enthalten.",1376,326,"2,4","0,3",60,"0,7",11,"0,01",https://www.edeka24.de/Lebensmittel/Backen-Desserts/Mehl-Backpulver-Hefe/Alnatura-Bio-Weizenvollkornmehl-1KG.html,https://www.edeka24.de/out/pictures/generated/product/1/540_540_90/bio_alnatura_weizenvollkornmehl_1kg.jpg
729,Lebensmittel,Backen & Desserts,Mehl-Backpulver-Hefe,Alnatura Bio Dinkel Grieß 500G,"2,89 €","5,78 €/kg","inkl. MwSt., zzgl. 4.95 € Versandkosten.",lieferbar innerhalb von 2-5 Werktagen,2023-05-02 23:28:24.380598,Bio Dinkelgrieß,Hinweis zur Aufbewahrung: Bitte trocken lagern.,"Verantwortliches Lebensmittelunternehmen:
Alnatura Produktions- und Handels GmbH, Mahatma-Gandhi-Str. 7, 64295 Darmstadt",Zutatenverzeichnis: DINKELGRIEß*. *aus biologischer Landwirtschaft. Kann Spuren von SOJA und LUPINEN enthalten.,1484,350,2,"0,4","68,6","1,3","11,6","0,01",https://www.edeka24.de/Lebensmittel/Backen-Desserts/Mehl-Backpulver-Hefe/Alnatura-Bio-Dinkel-Griess-500G.html,https://www.edeka24.de/out/pictures/generated/product/1/540_540_90/alnatura_bio_dinkelgrie.jpg
730,Lebensmittel,Backen & Desserts,Mehl-Backpulver-Hefe,Alnatura Bio Maismehl 500G,"2,19 €","4,38 €/kg","inkl. MwSt., zzgl. 4.95 € Versandkosten.",lieferbar innerhalb von 2-5 Werktagen,2023-05-02 23:28:28.327214,"Der Mais für das Alnatura Maismehl stammt aus biodynamischem Landbau. Mais enthält kein Klebereiweiss und ist daher für Menschen mit einer Glutenunverträglichkeit (Zöliakie) gut geeignet. Gemischt mit Weizen- oder Dinkelmehl wird pikantes oder süsses Gebäck durch Maismehl luftiger. 
als Backzutat, zum Binden von Saucen, für Tortillas",Hinweis zur Aufbewahrung: Bitte trocken lagern.,"Verantwortliches Lebensmittelunternehmen:
Alnatura Produktions- und Handels GmbH, Mahatma-Gandhi-Str. 7, 64295 Darmstadt",Zutatenverzeichnis: Maismehl*. *aus biodynamischem Landbau. Kann Spuren von SOJA und LUPINIEN enthalten.,1457,344,"0,8","0,2",74,"1,5","7,7","0,01",https://www.edeka24.de/Lebensmittel/Backen-Desserts/Mehl-Backpulver-Hefe/Alnatura-Bio-Maismehl-500G.html,https://www.edeka24.de/out/pictures/generated/product/1/540_540_90/alnatura_bio_maismehl_500_g.jpg
731,Lebensmittel,Backen & Desserts,Mehl-Backpulver-Hefe,"Dr.Oetker Original Backin mit Safran 3ST 48,9G","1,09 €","22,29 €/kg","inkl. MwSt., zzgl. 4.95 € Versandkosten.",lieferbar innerhalb von 2-5 Werktagen,2023-05-02 23:28:32.074519,Backpulver mit Safran,,"Verantwortliches Lebensmittelunternehmen:
Dr. August Oetker Nahrungsmittel KG, Lutterstraße 14, D-33617 Bielefeld","Zutatenverzeichnis: Backpulver (Backtriebmittel Dinatriumdiphosphat, Natriumhydrogencarbonat), Stärke, Safran",,,,,,,,,https://www.edeka24.de/Lebensmittel/Backen-Desserts/Mehl-Backpulver-Hefe/Dr-Oetker-Original-Backin-mit-Safran-3ST-48-9G.html,https://www.edeka24.de/out/pictures/generated/product/1/540_540_90/droetker_original_backin_mit_safran_3er_packung.jpg
732,Lebensmittel,Backen & Desserts,Mehl-Backpulver-Hefe,Alnatura Bio Weizenmehl Type 550 1KG,"1,59 €","1,59 €/kg","inkl. MwSt., zzgl. 4.95 € Versandkosten.",lieferbar innerhalb von 2-5 Werktagen,2023-05-02 23:28:35.365424,-,Hinweis zur Aufbewahrung: Bitte trocken lagern und vor Wärme schützen.,"Verantwortliches Lebensmittelunternehmen:
Alnatura GmbH, Mahatma-Ghandi-Str. 7, 64295 Darmstadt",,1480,349,"1,1","0,2",72,"1,1",11,"0,01",https://www.edeka24.de/Lebensmittel/Backen-Desserts/Mehl-Backpulver-Hefe/Alnatura-Bio-Weizenmehl-Type-550-1KG.html,https://www.edeka24.de/out/pictures/generated/product/1/540_540_90/bio_alnatura_weizenmehl_type_550_1kg.jpg
733,Lebensmittel,Backen & Desserts,Mehl-Backpulver-Hefe,Alnatura Bio Speisestärke 250G,"1,89 €","7,56 €/kg","inkl. MwSt., zzgl. 4.95 € Versandkosten.",lieferbar innerhalb von 2-5 Werktagen,2023-05-02 23:28:38.650088,Bio Speisestärke aus Mais,Hinweis zur Aufbewahrung: Bitte trocken lagern und vor Wärme schützen.,"Verantwortliches Lebensmittelunternehmen:
Alnatura GmbH, Mahatma-Gandhi-Straße 7, 64295 Darmstadt","Zutatenverzeichnis: Maisstärke*. Kann Spuren von SOJA, MANDEL, NÜSSEN und SESAM enthalten. *aus biologischer Landwirtschaft",1489,350,"0,5","0,2",87,"0,5","0,6","0,02",https://www.edeka24.de/Lebensmittel/Backen-Desserts/Mehl-Backpulver-Hefe/Alnatura-Bio-Speisestaerke-250G.html,https://www.edeka24.de/out/pictures/generated/product/1/540_540_90/bio_alnatura_speisestamp228rke_250g(1).jpg
734,Lebensmittel,Backen & Desserts,Mehl-Backpulver-Hefe,Heimatsmühle Spezialmehl für Pizza 1KG,"1,99 €","1,99 €/kg","inkl. MwSt., zzgl. 4.95 € Versandkosten.",lieferbar innerhalb von 2-5 Werktagen,2023-05-02 23:28:41.854417,-,Hinweis zur Aufbewahrung: Kühl und trocken lagern!,"Verantwortliches Lebensmittelunternehmen:
HEIMATSMÜHL, Heimatsmühle 1, 73433 Aalen",Zutatenverzeichnis: Zutaten: WEIZENMEHL Tipo 00,340,1143,1,"0,2",71,"0,5","9,8","0,1",https://www.edeka24.de/Lebensmittel/Backen-Desserts/Mehl-Backpulver-Hefe/Heimatsmuehle-Spezialmehl-fuer-Pizza-1KG.html,https://www.edeka24.de/out/pictures/generated/product/1/540_540_90/heimatsmhle_spezialmehl_fr_pizza.jpg
735,Lebensmittel,Backen & Desserts,Mehl-Backpulver-Hefe,Goldpuder Hartweizen-Grieß 500G,"1,39 €","2,78 €/kg","inkl. MwSt., zzgl. 4.95 € Versandkosten.",lieferbar innerhalb von 2-5 Werktagen,2023-05-02 23:28:45.258711,-,Hinweis zur Aufbewahrung: Kühl und trocken lagern.,"Verantwortliches Lebensmittelunternehmen:
Aurora Mühlen GmbH, Trettaustraße 49 21107 Hamburg",Zutatenverzeichnis: HARTWEIZENGRIEß,343,1454,"1,2","0,1",69,"0,8",12,"0,01",https://www.edeka24.de/Lebensmittel/Backen-Desserts/Mehl-Backpulver-Hefe/Goldpuder-Hartweizen-Griess-500G.html,https://www.edeka24.de/out/pictures/generated/product/1/540_540_90/goldpuder_hartweizengrie_500_g.jpg
736,Lebensmittel,Backen & Desserts,Mehl-Backpulver-Hefe,Alnatura Bio Polenta 500G,"1,89 €","3,78 €/kg","inkl. MwSt., zzgl. 4.95 € Versandkosten.",lieferbar innerhalb von 2-5 Werktagen,2023-05-02 23:28:49.051298,Bio Maisgrieß,Hinweis zur Aufbewahrung: Bitte trocken lagern.,"Verantwortliches Lebensmittelunternehmen:
Alnatura Produktions- und Handels GmbH, Mahatma-Gandhi-Str. 7, 64295 Darmstadt",Zutatenverzeichnis: Maisgrieß*. Kann Spuren von SOJA und LUPINE enthalten. *aus biodynamischem Landbau.,1457,344,"0,8","0,2",74,"1,5","7,7","0,01",https://www.edeka24.de/Lebensmittel/Backen-Desserts/Mehl-Backpulver-Hefe/Alnatura-Bio-Polenta-500G.html,https://www.edeka24.de/out/pictures/generated/product/1/540_540_90/alnatura_bio_polenta_500_g.jpg
737,Lebensmittel,Backen & Desserts,Mehl-Backpulver-Hefe,Biovegan Ei-Ersatz 20G,"1,69 €","84,50 €/kg","inkl. MwSt., zzgl. 4.95 € Versandkosten.",lieferbar innerhalb von 2-5 Werktagen,2023-05-02 23:28:52.846673,Pulvermischung für pflanzlichen Ei-Ersatz,Hinweis zur Aufbewahrung: Trocken lagern und vor Wärme schützen.,"Verantwortliches Lebensmittelunternehmen:
Biovegan GmbH, Biovegan-Allee 1, 56579 Bonefeld","Zutatenverzeichnis: SÜßLUPINENMEHL*, Verdickungsmittel: Johannisbrotkernmehl*, Maismehl*, Leinprotein*, Sonnenblumenprotein*. *aus kontrolliert biologischem Anbau",1349,324,"8,4","1,2",14,"6,6",30,"0,04",https://www.edeka24.de/Lebensmittel/Backen-Desserts/Mehl-Backpulver-Hefe/Biovegan-Ei-Ersatz-20G.html,https://www.edeka24.de/out/pictures/generated/product/1/540_540_90/biovegan_eiersatz_20g.jpg
738,Lebensmittel,Backen & Desserts,Mehl-Backpulver-Hefe,Dr.Oetker Gustin Feine Speisestärke 400G,"2,39 €","5,98 €/kg","inkl. MwSt., zzgl. 4.95 € Versandkosten.",lieferbar innerhalb von 2-5 Werktagen,2023-05-02 23:28:56.098730,-,,"Verantwortliches Lebensmittelunternehmen:
Dr. August Oetker Nahrungsmittel KG, Lutterstraße 14, D-33617 Bielefeld",Zutatenverzeichnis: Stärke,1487,350,"0,1",0,87,0,"0,4","0,15",https://www.edeka24.de/Lebensmittel/Backen-Desserts/Mehl-Backpulver-Hefe/Dr-Oetker-Gustin-Feine-Speisestaerke-400G.html,https://www.edeka24.de/out/pictures/generated/product/1/540_540_90/4000521191009.jpg
739,Lebensmittel,Backen & Desserts,Mehl-Backpulver-Hefe,Mondamin Feine Speisestärke 400G,"1,69 €","4,23 €/kg","inkl. MwSt., zzgl. 4.95 € Versandkosten.",lieferbar innerhalb von 2-5 Werktagen,2023-05-02 23:29:00.079873,-,,"Verantwortliches Lebensmittelunternehmen:
Unilever Deutschland Holding GmbH, Am Strandkai 1 , D-20457 Hamburg",Zutatenverzeichnis: Maisstärke,1487,355,"0,5","0,1",86,0,"0,5","0,01",https://www.edeka24.de/Lebensmittel/Backen-Desserts/Mehl-Backpulver-Hefe/Mondamin-Feine-Speisestaerke-400G.html,https://www.edeka24.de/out/pictures/generated/product/1/540_540_90/mondamin_feine_speisestrke.jpg
740,Lebensmittel,Backen & Desserts,Mehl-Backpulver-Hefe,Alnatura Bio Weizen Grieß 500G,"1,89 €","3,78 €/kg","inkl. MwSt., zzgl. 4.95 € Versandkosten.",lieferbar innerhalb von 2-5 Werktagen,2023-05-02 23:29:04.056113,-,Hinweis zur Aufbewahrung: Bitte trocken lagern.,"Verantwortliches Lebensmittelunternehmen:
Alnatura Produktions- und Handels GmbH, Mahatma-Gandhi-Str. 7, 64295 Darmstadt",Zutatenverzeichnis: WEIZENGRIEß*. Kann Spuren von SOJA und LUPINEN enthalten. *aus biologischer Landwirtschaft.,1433,338,"1,2","0,2","68,6","0,8","10,7","0,01",https://www.edeka24.de/Lebensmittel/Backen-Desserts/Mehl-Backpulver-Hefe/Alnatura-Bio-Weizen-Griess-500G.html,https://www.edeka24.de/out/pictures/generated/product/1/540_540_90/alnatura_bio_weizen_grie_500_g.jpg
741,Lebensmittel,Backen & Desserts,Mehl-Backpulver-Hefe,Heimatsmühle Weizen-Vollkornmehl 1KG,"1,99 €","1,99 €/kg","inkl. MwSt., zzgl. 4.95 € Versandkosten.",lieferbar innerhalb von 2-5 Werktagen,2023-05-02 23:29:07.859529,Weizen Vollkornmehl,Hinweis zur Aufbewahrung: Kühl und trocken lagern.,"Verantwortliches Lebensmittelunternehmen:
Heimatsmühle GmbH & Co. KG, 73433 Aalen",,1376,326,"2,4","0,3",60,"0,7",11,"0,01",https://www.edeka24.de/Lebensmittel/Backen-Desserts/Mehl-Backpulver-Hefe/Heimatsmuehle-Weizen-Vollkornmehl-1KG.html,https://www.edeka24.de/out/pictures/generated/product/1/540_540_90/heimatsmwzvollkornmehl_1kg.jpg
742,Lebensmittel,Backen & Desserts,Mehl-Backpulver-Hefe,Leimer Fertigpanat 200G,"2,19 €","10,95 €/kg","inkl. MwSt., zzgl. 4.95 € Versandkosten.",lieferbar innerhalb von 2-5 Werktagen,2023-05-02 23:29:11.746248,Fix und Fertig Paniermischung,Hinweis zur Aufbewahrung: Trocken lagern.,"Verantwortliches Lebensmittelunternehmen:
LEIMER KG, D-83278 Traunstein","Zutatenverzeichnis: WEIZENMEHL, Salz, 3% VOLLEIPULVER, Gewürze, 0,4% SENFMEHL, Hefe, Pfefferöl, MILCHZUCKER",1435,339,"2,3","0,8",66,"5,6","11,9","6,6",https://www.edeka24.de/Lebensmittel/Backen-Desserts/Mehl-Backpulver-Hefe/Leimer-Fertigpanat-200G.html,https://www.edeka24.de/out/pictures/generated/product/1/540_540_90/-4000186020201_iq.jpg
743,Lebensmittel,Backen & Desserts,Mehl-Backpulver-Hefe,Goldpuder Spätzlemehl Type 405 1KG,"2,29 €","2,29 €/kg","inkl. MwSt., zzgl. 4.95 € Versandkosten.",lieferbar innerhalb von 2-5 Werktagen,2023-05-02 23:29:15.280202,Weizenmehl Type 405,,"Verantwortliches Lebensmittelunternehmen:
Georg Plange Premium Mühlen Gruppe GmbH&Co KG, Hansastr.6-8, D-41460 Neuss","Zutatenverzeichnis: WEIZENDUNST, Mehlbehandlungsmittel Ascorbinsäure",348,1459,1,"0,1","72,3","0,7",10,"0,0",https://www.edeka24.de/Lebensmittel/Backen-Desserts/Mehl-Backpulver-Hefe/Goldpuder-Spaetzlemehl-Type-405-1KG.html,https://www.edeka24.de/out/pictures/generated/product/1/540_540_90/goldpuder_sptzlemehl_type_405.jpg
744,Lebensmittel,Backen & Desserts,Mehl-Backpulver-Hefe,Alnatura Bio Kichererbsenmehl 400G,"3,29 €","8,23 €/kg","inkl. MwSt., zzgl. 4.95 € Versandkosten.",lieferbar innerhalb von 2-5 Werktagen,2023-05-02 23:29:19.039539,-,Hinweis zur Aufbewahrung: Bitte trocken lagern und vor Wärme schützen.,"Verantwortliches Lebensmittelunternehmen:
Alnatura Produktions- und Handels GmbH, Mahatma-Gandhi-Str. 7, 64295 Darmstadt","Zutatenverzeichnis: Kichererbsenmehl* *aus biologischer Landwirtschaft . Kann Spuren von ERDNUSS, SOJA, MANDEL, NÜSSEN, SESAM und LUPINE enthalten.",1417,337,"5,9","1,1",44,"2,4",19,"0,06",https://www.edeka24.de/Lebensmittel/Backen-Desserts/Mehl-Backpulver-Hefe/Alnatura-Bio-Kichererbsenmehl-400G.html,https://www.edeka24.de/out/pictures/generated/product/1/540_540_90/bio_alnatura_kichererbsenmehl_400g.jpg
745,Lebensmittel,Backen & Desserts,Mehl-Backpulver-Hefe,Goldpuder Dinkelmehl Type 630 1 KG,"2,79 €","2,79 €/kg","inkl. MwSt., zzgl. 4.95 € Versandkosten.",lieferbar innerhalb von 2-5 Werktagen,2023-05-02 23:29:22.477950,-,Hinweis zur Aufbewahrung: Kühl und trocken lagern!,"Verantwortliches Lebensmittelunternehmen:
Aurora Mühlen GmbH, Trettaustraße 49, 21107 Hamburg",Zutatenverzeichnis: DINKELMEHL.,343,1455,"1,3","0,2",69,"0,8",12,"0,1",https://www.edeka24.de/Lebensmittel/Backen-Desserts/Mehl-Backpulver-Hefe/Goldpuder-Dinkelmehl-Type-630-1-KG.html,https://www.edeka24.de/out/pictures/generated/product/1/540_540_90/goldpuder_dinkelmehl_type_630_1_kg.jpg
746,Lebensmittel,Backen & Desserts,Mehl-Backpulver-Hefe,"Schär Mehl für Nudeln, Pfannkuchen, Sossen und Cremes 1KG","3,79 €","3,79 €/kg","inkl. MwSt., zzgl. 4.95 € Versandkosten.",lieferbar innerhalb von 2-5 Werktagen,2023-05-02 23:29:25.507200,Glutenfreie Mehlmischung. Speziell formuliert für Menschen mit Glutenunverträglichkeit.,Hinweis zur Aufbewahrung: Bei Raumtemperatur trocken lagern.,"Verantwortliches Lebensmittelunternehmen:
Dr. Schär AG/SPA, Winkelau 9, 39014 Burgstall/Postal (BZ) Italy","Zutatenverzeichnis: Maisstärke, Reismehl, Maismehl, Verdickungsmittel: Guarkernmehl; Dextrose. Kann Spuren von SOJA enthalten.",1511,356,"0,5","0,2",85,"1,5","1,5","0,02",https://www.edeka24.de/Lebensmittel/Backen-Desserts/Mehl-Backpulver-Hefe/Schaer-Mehl-fuer-Nudeln-Pfannkuchen-Sossen-und-Cremes-1KG.html,https://www.edeka24.de/out/pictures/generated/product/1/540_540_90/schaer_mehl_1kg.jpg
747,Lebensmittel,Backen & Desserts,Mehl-Backpulver-Hefe,Schapfenmühle Dinkelgrieß 500G,"1,99 €","3,98 €/kg","inkl. MwSt., zzgl. 4.95 € Versandkosten.",lieferbar innerhalb von 2-5 Werktagen,2023-05-02 23:29:28.131327,-,Hinweis zur Aufbewahrung: Vor Wärme geschützt und trocken lagern.,"Verantwortliches Lebensmittelunternehmen:
Schapfenmuehle GmbH & Co. KG, Franzenhauserweg 21 89081 Ulm-Jungingen",Zutatenverzeichnis: DINKELGRIESS (100%). Kann Spuren von SESAM enthalten.,1525,361,"4,5","0,2","66,7",1,"9,8","0,05",https://www.edeka24.de/Lebensmittel/Backen-Desserts/Mehl-Backpulver-Hefe/Schapfenmuehle-Dinkelgriess-500G.html,https://www.edeka24.de/out/pictures/generated/product/1/540_540_90/schapfenmhle_dinkelgrie.jpg
748,Lebensmittel,Backen & Desserts,Nüsse & mehr,Gut & Günstig Walnusskerne 200G,"2,69 €","13,45 €/kg","inkl. MwSt., zzgl. 4.95 € Versandkosten.",lieferbar innerhalb von 2-5 Werktagen,2023-05-02 23:29:31.359615,Walnusskerne naturbelassen,Hinweis zur Aufbewahrung: Vor Wärme geschützt und trocken lagern.,"Verantwortliches Lebensmittelunternehmen:
EDEKA ZENTRALE Stiftung & Co. KG, D-22291 Hamburg",Zutatenverzeichnis: WALNUSSKERNE. Das Produkt kann Spuren von anderen SCHALENFRÜCHTEN enthalten.,3012,730,"71,2","6,9","4,3","2,7","15,8","0,01",https://www.edeka24.de/Lebensmittel/Backen-Desserts/Nuesse-mehr/Gut-Guenstig-Walnusskerne-200G.html,https://www.edeka24.de/out/pictures/generated/product/1/540_540_90/gut_amp_gnstig_kalifornische_walnusskerne.jpg
749,Lebensmittel,Backen & Desserts,Nüsse & mehr,EDEKA Kokosraspel naturbelassen 200G,"1,49 €","7,45 €/kg","inkl. MwSt., zzgl. 4.95 € Versandkosten.",lieferbar innerhalb von 2-5 Werktagen,2023-05-02 23:29:34.962105,-,Hinweis zur Aufbewahrung: Vor Wärme geschützt und trocken lagern.,"Verantwortliches Lebensmittelunternehmen:
EDEKA ZENTRALE Stiftung & Co. KG, D-22291 Hamburg",Zutatenverzeichnis: Kokosraspel. Das Produkt kann Spuren von SULFIT enthalten.,670,2760,"64,5","57,2","7,4","7,4","6,9","0,09",https://www.edeka24.de/Lebensmittel/Backen-Desserts/Nuesse-mehr/EDEKA-Kokosraspel-naturbelassen-200G.html,https://www.edeka24.de/out/pictures/generated/product/1/540_540_90/edeka_kokosraspeln_200_g.jpg
750,Lebensmittel,Backen & Desserts,Nüsse & mehr,"EDEKA Kalifornische Mandeln blanchiert, gestiftelt 100G","1,79 €","17,90 €/kg","inkl. MwSt., zzgl. 4.95 € Versandkosten.",lieferbar innerhalb von 2-5 Werktagen,2023-05-02 23:29:38.695877,-,Hinweis zur Aufbewahrung: Vor Wärme geschützt und trocken lagern.,"Verantwortliches Lebensmittelunternehmen:
EDEKA ZENTRALE Stiftung & Co. KG, D-22291 Hamburg","Zutatenverzeichnis: Blanchierte MANDELN, gestiftet. Das Produkt kann Spuren von anderen SCHALENFRÜCHTEN, GLUTEN, ERDNÜSSEN, SOJA und SESAM enthalten.",2517,609,"51,6",5,"4,7","4,5","24,7","0,01",https://www.edeka24.de/Lebensmittel/Backen-Desserts/Nuesse-mehr/EDEKA-Kalifornische-Mandeln-blanchiert-gestiftelt-100G.html,https://www.edeka24.de/out/pictures/generated/product/1/540_540_90/edeka_mandeln_gestiftelt_100_g.jpg
751,Lebensmittel,Backen & Desserts,Nüsse & mehr,EDEKA Rum Rosinen ungeschwefelt 125G,"1,69 €","13,52 €/kg","inkl. MwSt., zzgl. 4.95 € Versandkosten.",lieferbar innerhalb von 2-5 Werktagen,2023-05-02 23:29:41.661608,-,Hinweis zur Aufbewahrung: Vor Wärme geschützt und trocken lagern.,"Verantwortliches Lebensmittelunternehmen:
EDEKA ZENTRALE Stiftung & Co. KG, D-22291 Hamburg","Zutatenverzeichnis: Rosinen, 20% echter Jamaika-Rum.",269,1137,"0,7","0,2",54,54,2,"0,01",https://www.edeka24.de/Lebensmittel/Backen-Desserts/Nuesse-mehr/EDEKA-Rum-Rosinen-ungeschwefelt-125G.html,https://www.edeka24.de/out/pictures/generated/product/1/540_540_90/edeka_rum_rosinen.jpg
752,Lebensmittel,Backen & Desserts,Nüsse & mehr,Gut & Günstig Pinienkerne 50G,"2,89 €","57,80 €/kg","inkl. MwSt., zzgl. 4.95 € Versandkosten.",lieferbar innerhalb von 2-5 Werktagen,2023-05-02 23:29:44.698836,"Pinienkerne, naturbelassen",Hinweis zur Aufbewahrung: Vor Wärme geschützt und trocken lagern.,"Verantwortliches Lebensmittelunternehmen:
EDEKA ZENTRALE Stiftung & Co. KG, D-22291 Hamburg",,2466,596,"50,7","6,1","7,3","0,1",24,"0,01",https://www.edeka24.de/Lebensmittel/Backen-Desserts/Nuesse-mehr/Gut-Guenstig-Pinienkerne-50G.html,https://www.edeka24.de/out/pictures/generated/product/1/540_540_90/gutampampgamp220nstig_pinienkerne_50g.jpg
753,Lebensmittel,Backen & Desserts,Nüsse & mehr,"EDEKA Kalifornische Mandeln naturbelassen, ganze Kerne 200G","2,89 €","14,45 €/kg","inkl. MwSt., zzgl. 4.95 € Versandkosten.",lieferbar innerhalb von 2-5 Werktagen,2023-05-02 23:29:48.718394,-,Hinweis zur Aufbewahrung: Vor Wärme geschützt und trocken lagern.,"Verantwortliches Lebensmittelunternehmen:
EDEKA ZENTRALE Stiftung & Co. KG, D-22291 Hamburg","Zutatenverzeichnis: MANDELN. Das Produkt kann Spuren von anderen SCHALENFRÜCHTEN, ERDNÜSSEN, SOJA, GLUTEN und SESAM enthalten.",2517,609,"51,6",5,"4,7","4,5","24,7","0,1",https://www.edeka24.de/Lebensmittel/Backen-Desserts/Nuesse-mehr/EDEKA-Kalifornische-Mandeln-naturbelassen-ganze-Kerne-200G.html,https://www.edeka24.de/out/pictures/generated/product/1/540_540_90/edeka_mandeln_ganz_200_g.jpg
754,Lebensmittel,Backen & Desserts,Nüsse & mehr,"EDEKA Haselnusskerne naturbelassen, fein gemahlen 200G","2,79 €","13,95 €/kg","inkl. MwSt., zzgl. 4.95 € Versandkosten.",lieferbar innerhalb von 2-5 Werktagen,2023-05-02 23:29:52.488866,-,Hinweis zur Aufbewahrung: Vor Wärme geschützt und trocken lagern.,"Verantwortliches Lebensmittelunternehmen:
EDEKA ZENTRALE Stiftung & Co. KG, D-22291 Hamburg",Zutatenverzeichnis: HASELNUSSKERNE gemahlen. Das Produkt kann Spuren von anderen SCHALENFRÜCHTEN und ERDNÜSSEN enthalten.,2783,674,"63,3","5,3",6,"5,3","16,3","0,01",https://www.edeka24.de/Lebensmittel/Backen-Desserts/Nuesse-mehr/EDEKA-Haselnusskerne-naturbelassen-fein-gemahlen-200G.html,https://www.edeka24.de/out/pictures/generated/product/1/540_540_90/edeka_haselnusskerne_gemahlen_200_g.jpg
755,Lebensmittel,Backen & Desserts,Nüsse & mehr,Gut & Günstig Mandeln 200G,"2,39 €","11,95 €/kg","inkl. MwSt., zzgl. 4.95 € Versandkosten.",lieferbar innerhalb von 2-5 Werktagen,2023-05-02 23:29:56.059034,"Mandeln, naturbelassen, ganz",Hinweis zur Aufbewahrung: Vor Wärme geschützt und trocken lagern.,"Verantwortliches Lebensmittelunternehmen:
EDEKA ZENTRALE Stiftung & Co. KG, D-22291 Hamburg","Zutatenverzeichnis: MANDELN, naturbelassen, ganz. Das Produkt kann Spuren von anderen SCHALENFRÜCHTEN und ERDNÜSSEN enthalten.",2517,609,"51,6",5,"4,7","4,5","24,7","0,01",https://www.edeka24.de/Lebensmittel/Backen-Desserts/Nuesse-mehr/Gut-Guenstig-Mandeln-200G.html,https://www.edeka24.de/out/pictures/generated/product/1/540_540_90/mandeln_ganz.jpg
756,Lebensmittel,Backen & Desserts,Nüsse & mehr,Gut & Günstig Mandeln gemahlen 200G,"2,09 €","10,45 €/kg","inkl. MwSt., zzgl. 4.95 € Versandkosten.",lieferbar innerhalb von 2-5 Werktagen,2023-05-02 23:29:59.498749,"Mandeln, naturbelassen, gemahlen",Hinweis zur Aufbewahrung: Vor Wärme geschützt und trocken lagern.,"Verantwortliches Lebensmittelunternehmen:
EDEKA ZENTRALE Stiftung & Co. KG, D-22291 Hamburg","Zutatenverzeichnis: MANDELN naturbelassen, gemahlen. Das Produkt kann Spuren von anderen SCHALENFRÜCHTEN und ERDNÜSSEN enthalten.",2517,609,"51,6",5,"4,7","4,5","24,7","0,01",https://www.edeka24.de/Lebensmittel/Backen-Desserts/Nuesse-mehr/Gut-Guenstig-Mandeln-gemahlen-200G.html,https://www.edeka24.de/out/pictures/generated/product/1/540_540_90/mandeln_gemahlen_natural.jpg
757,Lebensmittel,Backen & Desserts,Nüsse & mehr,EDEKA Pistazien gehackt 25G,"2,19 €","87,60 €/kg","inkl. MwSt., zzgl. 4.95 € Versandkosten.",lieferbar innerhalb von 2-5 Werktagen,2023-05-02 23:30:03.490995,-,Hinweis zur Aufbewahrung: Vor Wärme geschützt und trocken lagern.,"Verantwortliches Lebensmittelunternehmen:
EDEKA ZENTRALE Stiftung & Co. KG, D-22291 Hamburg",Zutatenverzeichnis: PISTAZIENKERNE gehackt. Das Produkt kann Spuren von ERDNÜSSEN und anderen SCHALENFRÜCHTEN enthalten.,630,2607,"54,1","6,3","7,5","3,5","23,3","0,01",https://www.edeka24.de/Lebensmittel/Backen-Desserts/Nuesse-mehr/EDEKA-Pistazien-gehackt-25G.html,https://www.edeka24.de/out/pictures/generated/product/1/540_540_90/edeka_pistazien_gehackt_25_g.jpg
758,Lebensmittel,Backen & Desserts,Nüsse & mehr,"EDEKA Haselnusskerne naturbelassen, gehobelt 100G","1,99 €","19,90 €/kg","inkl. MwSt., zzgl. 4.95 € Versandkosten.",lieferbar innerhalb von 2-5 Werktagen,2023-05-02 23:30:09.586399,-,Hinweis zur Aufbewahrung: Vor Wärme geschützt und trocken lagern.,"Verantwortliches Lebensmittelunternehmen:
EDEKA ZENTRALE Stiftung & Co. KG, D-22291 Hamburg","Zutatenverzeichnis: HASELNUSSKERNE gehobelt. Das Produkt kann Spuren von anderen SCHALENFRÜCHTEN, ERDNÜSSEN, SOJA, GLUTEN und SESAM enthalten.",2783,674,"63,3","5,3",6,"5,3","16,3","0,01",https://www.edeka24.de/Lebensmittel/Backen-Desserts/Nuesse-mehr/EDEKA-Haselnusskerne-naturbelassen-gehobelt-100G.html,https://www.edeka24.de/out/pictures/generated/product/1/540_540_90/edeka_haselnusskerne_gehobelt_100_g.jpg
759,Lebensmittel,Backen & Desserts,Nüsse & mehr,Gut & Günstig Haselnusskerne naturbelassen & gemahlen 200G,"2,09 €","10,45 €/kg","inkl. MwSt., zzgl. 4.95 € Versandkosten.",lieferbar innerhalb von 2-5 Werktagen,2023-05-02 23:30:16.415640,"Haselnusskerne, naturbelassen, gemahlen",Hinweis zur Aufbewahrung: Vor Wärme geschützt und trocken lagern.,"Verantwortliches Lebensmittelunternehmen:
EDEKA ZENTRALE Stiftung & Co. KG, D-22291 Hamburg","Zutatenverzeichnis: HASELNUSSKERNE, naturbelassen, gemahlen. Das Produkt kann Spuren von anderen SCHALENFRÜCHTEN und ERDNÜSSEN enthalten.",674,2782,"63,3","5,4",6,6,"16,3","0,01",https://www.edeka24.de/Lebensmittel/Backen-Desserts/Nuesse-mehr/Gut-Guenstig-Haselnusskerne-naturbelassen-gemahlen-200G.html,https://www.edeka24.de/out/pictures/generated/product/1/540_540_90/gut_amp_gnstig_haselnusskerne_gemahlen.jpg
760,Lebensmittel,Backen & Desserts,Nüsse & mehr,"EDEKA Pistazienkerne dunkelgrün, geschält 50G","3,79 €","75,80 €/kg","inkl. MwSt., zzgl. 4.95 € Versandkosten.",lieferbar innerhalb von 2-5 Werktagen,2023-05-02 23:30:21.835242,-,Hinweis zur Aufbewahrung: Vor Wärme geschützt und trocken lagern.,"Verantwortliches Lebensmittelunternehmen:
EDEKA ZENTRALE Stiftung & Co. KG, D-22291 Hamburg",Zutatenverzeichnis: PISTAZIENKERNE. Das Produkt kann Spuren von weiteren SCHALENFRÜCHTEN und ERDNÜSSEN enthalten.,590,2443,"48,5","3,7","8,5","4,7","24,3",1,https://www.edeka24.de/Lebensmittel/Backen-Desserts/Nuesse-mehr/EDEKA-Pistazienkerne-dunkelgruen-geschaelt-50G.html,https://www.edeka24.de/out/pictures/generated/product/1/540_540_90/edeka_pistazienkerne_geschamp228lt_50g.jpg
761,Lebensmittel,Backen & Desserts,Nüsse & mehr,"EDEKA Kalifornische Mandeln blanchiert, ganze Kerne 100G","1,79 €","17,90 €/kg","inkl. MwSt., zzgl. 4.95 € Versandkosten.",lieferbar innerhalb von 2-5 Werktagen,2023-05-02 23:30:26.594434,-,Hinweis zur Aufbewahrung: Vor Wärme geschützt und trocken lagern.,"Verantwortliches Lebensmittelunternehmen:
EDEKA ZENTRALE Stiftung & Co. KG, D-22291 Hamburg","Zutatenverzeichnis: MANDELN blanchiert. Das Produkt kann Spuren von anderen SCHALENFRÜCHTEN, GLUTEN, ERDNÜSSEN, SOJA und SESAM enthalten.",2517,609,"51,6",5,"4,7","4,5","24,7","0,01",https://www.edeka24.de/Lebensmittel/Backen-Desserts/Nuesse-mehr/EDEKA-Kalifornische-Mandeln-blanchiert-ganze-Kerne-100G.html,https://www.edeka24.de/out/pictures/generated/product/1/540_540_90/edeka_mandeln_blanchiert_ganz_100g.jpg
762,Lebensmittel,Backen & Desserts,Nüsse & mehr,Alnatura Bio Haselnüsse 200G,"4,59 €","22,95 €/kg","inkl. MwSt., zzgl. 4.95 € Versandkosten.",lieferbar innerhalb von 2-5 Werktagen,2023-05-02 23:30:30.576331,-,Hinweis zur Aufbewahrung: Bitte trocken lagern und vor Wärme schützen.,"Verantwortliches Lebensmittelunternehmen:
Alnatura GmbH, Mahatma-Gandhi-Straße 7, 64295 Darmstadt","Zutatenverzeichnis: HASELNUSSKERNE* *aus biologischer Landwirtschaft . Kann Spuren von ERDNUSS, MANDEL, anderen NÜSSEN und SESAM enthalten.",2687,651,60,6,"5,8","4,1",16,"0,02",https://www.edeka24.de/Lebensmittel/Backen-Desserts/Nuesse-mehr/Alnatura-Bio-Haselnuesse-200G.html,https://www.edeka24.de/out/pictures/generated/product/1/540_540_90/alnatura_bio_haselnsse.jpg
763,Lebensmittel,Backen & Desserts,Nüsse & mehr,"EDEKA Haselnusskerne leicht geröstet, fein gehackt 100G","1,99 €","19,90 €/kg","inkl. MwSt., zzgl. 4.95 € Versandkosten.",lieferbar innerhalb von 2-5 Werktagen,2023-05-02 23:30:34.335072,-,Hinweis zur Aufbewahrung: Vor Wärme geschützt und trocken lagern.,"Verantwortliches Lebensmittelunternehmen:
EDEKA ZENTRALE Stiftung & Co. KG, D-22291 Hamburg","Zutatenverzeichnis: Geröstete, enthäutete HASELNÜSSE gehackt. Das Produkt kann Spuren von anderen SCHALENFRÜCHTEN, SOJA, ERDNÜSSEN, GLUTEN und SESAM enthalten.",674,2783,"63,3","5,3",6,"5,3","16,3","0,01",https://www.edeka24.de/Lebensmittel/Backen-Desserts/Nuesse-mehr/EDEKA-Haselnusskerne-leicht-geroestet-fein-gehackt-100G.html,https://www.edeka24.de/out/pictures/generated/product/1/540_540_90/edeka_haselnusskerne_gehackt(1).jpg
764,Lebensmittel,Backen & Desserts,Nüsse & mehr,"EDEKA Kalifornische Mandeln blanchiert, grob gemahlen 100G","1,79 €","17,90 €/kg","inkl. MwSt., zzgl. 4.95 € Versandkosten.",lieferbar innerhalb von 2-5 Werktagen,2023-05-02 23:30:38.270091,Blanchierte Mandeln gemahlen,Hinweis zur Aufbewahrung: Vor Wärme geschützt und trocken lagern.,"Verantwortliches Lebensmittelunternehmen:
EDEKA ZENTRALE Stiftung & Co. KG, D-22291 Hamburg","Zutatenverzeichnis: Blanchierte MANDELN, gemahlen. Das Produkt kann Spuren von anderen SCHALENFRÜCHTEN, GLUTEN, ERDNÜSSEN, SOJA und SESAM enthalten.",609,2517,"51,6",5,"4,7","4,5","24,7","0,01",https://www.edeka24.de/Lebensmittel/Backen-Desserts/Nuesse-mehr/EDEKA-Kalifornische-Mandeln-blanchiert-grob-gemahlen-100G.html,https://www.edeka24.de/out/pictures/generated/product/1/540_540_90/edeka_mandeln_gemahlen_blanchiert_100_g.jpg
765,Lebensmittel,Backen & Desserts,Nüsse & mehr,"EDEKA Kalifornische Mandeln blanchiert, gehackt 100G","1,79 €","17,90 €/kg","inkl. MwSt., zzgl. 4.95 € Versandkosten.",lieferbar innerhalb von 2-5 Werktagen,2023-05-02 23:30:41.780231,-,Hinweis zur Aufbewahrung: Vor Wärme geschützt und trocken lagern.,"Verantwortliches Lebensmittelunternehmen:
EDEKA ZENTRALE Stiftung & Co. KG, D-22291 Hamburg","Zutatenverzeichnis: Blanchierte MANDELN, gehackt. Das Produkt kann Spuren von anderen SCHALENFRÜCHTEN, GLUTEN, ERDNÜSSEN, SOJA und SESAM enthalten.",2517,609,"51,6",5,"4,7","4,5","24,7","0,01",https://www.edeka24.de/Lebensmittel/Backen-Desserts/Nuesse-mehr/EDEKA-Kalifornische-Mandeln-blanchiert-gehackt-100G.html,https://www.edeka24.de/out/pictures/generated/product/1/540_540_90/edeka_mandeln_gehackt_100_g.jpg
766,Lebensmittel,Backen & Desserts,Nüsse & mehr,Alnatura Bio Haselnüsse gemahlen 150G,"3,49 €","23,27 €/kg","inkl. MwSt., zzgl. 4.95 € Versandkosten.",lieferbar innerhalb von 2-5 Werktagen,2023-05-02 23:30:45.279270,Bio Haselnüsse geröstet und gemahlen,Hinweis zur Aufbewahrung: Bitte trocken lagern und vor Wärme schützen. Unter Schutzatmisphäre verpackt.,"Verantwortliches Lebensmittelunternehmen:
Alnatura Produktions- und Handels GmbH, Mahatma-Gandhi-Str. 7, 64295 Darmstadt","Zutatenverzeichnis: HASELNÜSSE* *aus biologischer Landwirtschaft. Kann Spuren von ERDNUSS, MANDEL und anderen NÜSSEN enthalten. Kann Schalenbestandteile enthalten.",2785,674,62,"4,1",11,"4,6",14,"0,01",https://www.edeka24.de/Lebensmittel/Backen-Desserts/Nuesse-mehr/Alnatura-Bio-Haselnuesse-gemahlen-150G.html,https://www.edeka24.de/out/pictures/generated/product/1/540_540_90/alnatura_bio_haselnsse_gemahlen_150g.jpg
767,Lebensmittel,Backen & Desserts,Nüsse & mehr,"EDEKA Kalifornische Mandeln naturbelassen, fein gemahlen 200G","2,79 €","13,95 €/kg","inkl. MwSt., zzgl. 4.95 € Versandkosten.",lieferbar innerhalb von 2-5 Werktagen,2023-05-02 23:30:48.655327,-,Hinweis zur Aufbewahrung: Vor Wärme geschützt und trocken lagern.,"Verantwortliches Lebensmittelunternehmen:
EDEKA ZENTRALE Stiftung & Co. KG, D-22291 Hamburg","Zutatenverzeichnis: MANDELN, gemahlen. Das Produkt kann Spuren von anderen SCHALENFRÜCHTEN und ERDNÜSSEN enthalten.",2517,609,"51,6",5,"4,7","4,5","24,7","0,01",https://www.edeka24.de/Lebensmittel/Backen-Desserts/Nuesse-mehr/EDEKA-Kalifornische-Mandeln-naturbelassen-fein-gemahlen-200G.html,https://www.edeka24.de/out/pictures/generated/product/1/540_540_90/edeka_mandeln_gemahlen_naturbelassen_200_g.jpg
768,Lebensmittel,Backen & Desserts,Pudding-Dessert,Dr.Oetker Original Puddingpulver Vanille 3ST 111G,"1,09 €","9,82 €/kg","inkl. MwSt., zzgl. 4.95 € Versandkosten.",lieferbar innerhalb von 2-5 Werktagen,2023-05-02 23:30:52.103253,Puddingpulver Vanille-Geschmack,,"Verantwortliches Lebensmittelunternehmen:
Dr. August Oetker Nahrungsmittel KG, Lutterstraße 14, D-33617 Bielefeld","Zutatenverzeichnis: Maisstärke, Salz, Aroma, Farbstoff (Carotin)",91,387,"1,4","0,8",17,11,"2,9","0,18",https://www.edeka24.de/index.php?cl=details&anid=8bdecd90bd3035a6fab0f96afc31b9cf&emcs0=3&emcs1=Kategorieseite%20-%20Topseller&emcs2=&emcs3=130559007,https://www.edeka24.de/out/pictures/generated/product/1/540_540_90/droetker_original_puddingpulver_vanille.jpg
769,Lebensmittel,Backen & Desserts,Pudding-Dessert,Dr.Oetker Gala Puddingpulver Bourbon-Vanille 3ST 111G,"1,59 €","14,32 €/kg","inkl. MwSt., zzgl. 4.95 € Versandkosten.",lieferbar innerhalb von 2-5 Werktagen,2023-05-02 23:30:55.629423,-,,"Verantwortliches Lebensmittelunternehmen:
Dr. August Oetker Nahrungsmittel KG, Lutterstraße 14, D-33617 Bielefeld","Zutatenverzeichnis: Stärke, natürliches Bourbon-Vanille Aroma, Salz, Farbstoffe (Carotin, Riboflavin), gemahlene extrahierte Vanilleschoten, natürliches Aroma (enthält MILCHBESTANDTEILE)",386,91,"1,4","0,8",17,11,"2,9","0,18",https://www.edeka24.de/index.php?cl=details&anid=lTqGUQniVJzhKolGWBzBEd-1&emcs0=3&emcs1=Kategorieseite%20-%20Topseller&emcs2=&emcs3=130558004,https://www.edeka24.de/out/pictures/generated/product/1/540_540_90/droetker_gala_puddingpulver_bourbonvanille_3x_37_g.jpg
770,Lebensmittel,Backen & Desserts,Pudding-Dessert,Dr.Oetker Tortencremepulver Schoko-Sahne 170G,"1,99 €","11,71 €/kg","inkl. MwSt., zzgl. 4.95 € Versandkosten.",lieferbar innerhalb von 2-5 Werktagen,2023-05-02 23:30:59.266115,Cremepulver für Tortencreme Schoko-Sahne,,"Verantwortliches Lebensmittelunternehmen:
Dr. August Oetker Nahrungsmittel KG, Lutterstraße 14, D-33617 Bielefeld","Zutatenverzeichnis: Zucker, Dextrose, 14% Schokoladenflocken dragiert (Zucker, Kakaomasse, fettarmes Kakaopulver, Kakaopulver, Flüssigzucker, Kakaobutter, Emulgator Lecithine, Glukosesirup), 13% fettarmes Kakaopulver, modifizierte Stärke, Gelatine, Kann Spuren von HASELNÜSSEN und MILCHBESTANDTEILEN enthalten",1128,272,21,12,16,15,3,"0,17",https://www.edeka24.de/index.php?cl=details&anid=qlq4b029f825471e3.02625687&emcs0=3&emcs1=Kategorieseite%20-%20Topseller&emcs2=&emcs3=1282331004,https://www.edeka24.de/out/pictures/generated/product/1/540_540_90/droetker_tortencremepulver_schokosahne.jpg
771,Lebensmittel,Backen & Desserts,Pudding-Dessert,Müller Schoko Pudding mit Soße Vanillegeschmack 450G,"1,69 €","3,76 €/kg","inkl. MwSt., zzgl. 4.95 € Versandkosten.",lieferbar innerhalb von 2-5 Werktagen,2023-05-02 23:31:02.630622,Schokoladenpudding mit 23 % Soße Vanillegeschmack.,Hinweis zur Aufbewahrung: Mindestens haltbar bis: siehe Packung.,"Verantwortliches Lebensmittelunternehmen:
Molkerei Alois Müller GmbH & Co. KG, D-86850 Aretsried","Zutatenverzeichnis: MAGERMILCH, Wasser, Zucker, SCHLAGSAHNE, 1,4% fettarmer Kakao, Stärke, modifizierte Stärke, Verdickungsmittel Carrageen, Aroma, Farbstoff Carotin.",446,106,"2,4","1,6","17,9","15,5","2,8","0,19",https://www.edeka24.de/Lebensmittel/Backen-Desserts/Pudding-Dessert/Mueller-Schoko-Pudding-mit-Sosse-Vanillegeschmack-450G.html,https://www.edeka24.de/out/pictures/generated/product/1/540_540_90/mller_schoko_pudding_mit_vanillasoe.jpg
772,Lebensmittel,Backen & Desserts,Pudding-Dessert,Müller Grieß Pudding mit Kirschsoße 450G,"1,69 €","3,76 €/kg","inkl. MwSt., zzgl. 4.95 € Versandkosten.",lieferbar innerhalb von 2-5 Werktagen,2023-05-02 23:31:05.785582,Grießpudding mit 23% Kirschsoße,Hinweis zur Aufbewahrung: Mindestens haltbar bis: siehe Packung.,"Verantwortliches Lebensmittelunternehmen:
Molkerei Alois Müller GmbH & Co. KG, D-86850 Aretsried","Zutatenverzeichnis: MAGERMILCH, Zucker, Wasser, SCHLAGSAHNE, 3,9% Maisgrieß, 2% Kirschsaft aus Kirschsaftkonzentrat, modifizierte Stärke, Verdickungsmittel Carrageen, Speisesalz, Säuerungsmittel Citronensäure, Stabilisator Kaliumchlorid, Aroma, Farbstoffe Echtes Karmin, Carotin. Kann Spuren von GLUTEN enthalten.",500,118,"2,3","1,5","21,8","17,9","2,5","0,12",https://www.edeka24.de/Lebensmittel/Backen-Desserts/Pudding-Dessert/Mueller-Griess-Pudding-mit-Kirschsosse-450G.html,https://www.edeka24.de/out/pictures/generated/product/1/540_540_90/mlgriespudkirschsos450g.jpg
773,Lebensmittel,Backen & Desserts,Pudding-Dessert,Dr.Oetker Original Puddingpulver Vanille 3ST 111G,"1,09 €","9,82 €/kg","inkl. MwSt., zzgl. 4.95 € Versandkosten.",lieferbar innerhalb von 2-5 Werktagen,2023-05-02 23:31:09.125328,Puddingpulver Vanille-Geschmack,,"Verantwortliches Lebensmittelunternehmen:
Dr. August Oetker Nahrungsmittel KG, Lutterstraße 14, D-33617 Bielefeld","Zutatenverzeichnis: Maisstärke, Salz, Aroma, Farbstoff (Carotin)",91,387,"1,4","0,8",17,11,"2,9","0,18",https://www.edeka24.de/Lebensmittel/Backen-Desserts/Pudding-Dessert/Dr-Oetker-Original-Puddingpulver-Vanille-3ST-111G.html,https://www.edeka24.de/out/pictures/generated/product/1/540_540_90/droetker_original_puddingpulver_vanille.jpg
774,Lebensmittel,Backen & Desserts,Pudding-Dessert,Dr.Oetker Paradies Creme Nougat Geschmack 70G,"1,29 €","18,43 €/kg","inkl. MwSt., zzgl. 4.95 € Versandkosten.",lieferbar innerhalb von 2-5 Werktagen,2023-05-02 23:31:12.602178,Cremepulver Nougat mit Nougatsplits,,"Verantwortliches Lebensmittelunternehmen:
Dr. August Oetker Nahrungsmittel KG, Lutterstraße 14, D-33617 Bielefeld","Zutatenverzeichnis: Zucker, modifizierte Stärke, 11% fettarmes Kakaopulver, Glukosesirup, pflanzliche Öle (Palmkern, Palm), 5,6% HASELNUSS-NOUGAT-Chips (Zucker, 24% HASELNÜSSE, Kakaomasse, Kakaobutter, VOLLMILCHPULVER, SÜSSMOLKENPULVER, Emulgator Lecithine), Emulgator E 472b, Geliermittel Carrageen, MILCHEIWEISS, Salz, Aroma",506,120,"3,6","2,5",18,15,"3,5","0,22",https://www.edeka24.de/Lebensmittel/Backen-Desserts/Pudding-Dessert/Dr-Oetker-Paradies-Creme-Nougat-Geschmack-70G.html,https://www.edeka24.de/out/pictures/generated/product/1/540_540_90/droetker_paradies_creme_nougat_geschmack_70g.jpg
775,Lebensmittel,Backen & Desserts,Pudding-Dessert,Dr.Oetker Paradies Creme weisse Schokolade 70G,"1,29 €","18,43 €/kg","inkl. MwSt., zzgl. 4.95 € Versandkosten.",lieferbar innerhalb von 2-5 Werktagen,2023-05-02 23:31:16.071833,Cremepulver Weiße Schokolade für 300ml Milch,,"Verantwortliches Lebensmittelunternehmen:
DR. AUGUST OETKER NAHRUNGSMITTEL KG, 33547 Bielefeld","Zutatenverzeichnis: Zucker, modifizierte Stärke, 9,2% weiße Schokolade (Zucker, Kakaobutter, VOLLMILCHPULVER, Emulgator (Lecithine)), Glukosesirup, pflanzliche Öle (Palmkern, Palm), Emulgator (E 472b), MAGERMILCHPULVER, Geliermittel (Carrageen), MILCHEIWEISS, Aroma (enthält MILCHBESTANDTEILE), Salz, Farbstoff (Carotin). Kann enthalten: HASELNÜSSE.",123,519,"3,5","2,5",20,17,"3,2","0,23",https://www.edeka24.de/Lebensmittel/Backen-Desserts/Pudding-Dessert/Dr-Oetker-Paradies-Creme-weisse-Schokolade-70G.html,https://www.edeka24.de/out/pictures/generated/product/1/540_540_90/droetker_paradies_creme_weisse_schokolade_70_g.jpg
776,Lebensmittel,Backen & Desserts,Pudding-Dessert,Alpro Soya-Dessert Feine Vanille 4ST 500G,"2,49 €","4,98 €/kg","inkl. MwSt., zzgl. 4.95 € Versandkosten.",lieferbar innerhalb von 2-5 Werktagen,2023-05-02 23:31:19.805010,"Sojadessert, Vanille-Geschmack, angereichert mit Calcium und Vitaminen.",,"Verantwortliches Lebensmittelunternehmen:
Alpro CVA, Vlamingstraat 28, 8560 Wevelgem, Belgium","Zutatenverzeichnis: SOJABASIS (Wasser, geschälte SOJABOHNEN (8,6%)), Zucker, modifizierte Stärke, Zichorienwurzelfasern, Tricalciumphosphat, Maltodextrin, Aromen, Karottenextrakt, Verdickungsmittel (Pektine, Carrageen), Meersalz, Vitamine (B2, B12, D2). Gluten- und von Natur aus laktosefrei.",338,80,"1,8","0,3","12,1","8,6","3,2","0,14",https://www.edeka24.de/Lebensmittel/Backen-Desserts/Pudding-Dessert/Alpro-Soya-Dessert-Feine-Vanille-4ST-500G.html,https://www.edeka24.de/out/pictures/generated/product/1/540_540_90/alprosojadessertvanille.jpg
777,Lebensmittel,Backen & Desserts,Pudding-Dessert,Dr.Oetker Original Puddingpulver Schokolade 3ST 133G,"1,09 €","8,16 €/kg","inkl. MwSt., zzgl. 4.95 € Versandkosten.",lieferbar innerhalb von 2-5 Werktagen,2023-05-02 23:31:23.122961,-,,"Verantwortliches Lebensmittelunternehmen:
Dr. August Oetker Nahrungsmittel KG, Lutterstraße 14, D-33617 Bielefeld","Zutatenverzeichnis: Maisstärke, 16% fettarmes Kakaopulver, Salz, Aroma Vanillin",100,421,"1,5","0,9",18,12,"3,1","0,16",https://www.edeka24.de/Lebensmittel/Backen-Desserts/Pudding-Dessert/Dr-Oetker-Original-Puddingpulver-Schokolade-3ST-133G.html,https://www.edeka24.de/out/pictures/generated/product/1/540_540_90/droetker_original_puddingpulver_schokolade_3x_445g.jpg
778,Lebensmittel,Backen & Desserts,Pudding-Dessert,Dr.Oetker Paradies Creme Vanille 60G,"1,29 €","21,50 €/kg","inkl. MwSt., zzgl. 4.95 € Versandkosten.",lieferbar innerhalb von 2-5 Werktagen,2023-05-02 23:31:26.532895,Cremepulver Vanille-Geschmack,Hinweis zur Aufbewahrung: Bis zum Servieren in den Kühlschrank stellen.,"Verantwortliches Lebensmittelunternehmen:
Dr. August Oetker Nahrungsmittel KG, Lutterstraße 14, D-33617 Bielefeld","Zutatenverzeichnis: Zucker, modifizierte Stärke, Glukosesirup, pflanzliche Öle (Palmkern, Palm), Emulgator E 472b, Geliermittel Carrageen, MILCHEIWEISS, Salz, Farbstoffe (Carotin, Riboflavin), Aroma (enthält MILCHZUCKER)",477,113,3,"2,2",18,16,3,"0,24",https://www.edeka24.de/Lebensmittel/Backen-Desserts/Pudding-Dessert/Dr-Oetker-Paradies-Creme-Vanille-60G.html,https://www.edeka24.de/out/pictures/generated/product/1/540_540_90/droetker_paradies_creme_vanille_60_g.jpg
779,Lebensmittel,Backen & Desserts,Pudding-Dessert,Dr.Oetker Paradies Creme Schokolade 74G,"1,29 €","17,43 €/kg","inkl. MwSt., zzgl. 4.95 € Versandkosten.",lieferbar innerhalb von 2-5 Werktagen,2023-05-02 23:31:30.394213,Cremepulver Schokolade,,"Verantwortliches Lebensmittelunternehmen:
Dr. August Oetker Nahrungsmittel KG, Lutterstraße 14, D-33617 Bielefeld","Zutatenverzeichnis: Zucker, 18% fettarmes Kakaopulver, modifizierte Stärke, Glukosesirup, pflanzliche Öle (Palmkern, Palm), Emulgator E 472b, Stabilisator Calciumlactat, MILCHEIWEISS, Geliermittel Carrageen, Aroma",121,508,"3,5","2,5",18,15,"3,7","0,22",https://www.edeka24.de/Lebensmittel/Backen-Desserts/Pudding-Dessert/Dr-Oetker-Paradies-Creme-Schokolade-74G.html,https://www.edeka24.de/out/pictures/generated/product/1/540_540_90/droetker_paradies_creme_schokolade_74_g.jpg
780,Lebensmittel,Backen & Desserts,Pudding-Dessert,Dr.Oetker Tiramisu Creme 70G,"2,19 €","31,29 €/kg","inkl. MwSt., zzgl. 4.95 € Versandkosten.",lieferbar innerhalb von 2-5 Werktagen,2023-05-02 23:31:33.999864,Cremepulver für eine Tiramisu Creme,,"Verantwortliches Lebensmittelunternehmen:
Dr. August Oetker Nahrungsmittel KG, Lutterstraße 14, D-33617 Bielefeld","Zutatenverzeichnis: Zucker, 11% zerkleinerte Persipanmakronen (Zucker, WEIZENMEHL, Aprikosenkerne, HÜHNEREIEIWEISS, MILCHZUCKER, MILCHEIWEISS, Aroma), modifizierte Stärke, 5,7% KÄSEPULVER aus MASCARPONE und MILCHBESTANDTEILEN (90% getrockneter MASCARPONE-KÄSE, MAGERMILCHPULVER, MILCHEIWEISS, Stabilisator E 339), Glukosesirup, Gelatine, pflanzliche Öle (Palmkern, Palm), Emulgator E 472b, MILCHEIWEISS, Kaffee-Extrakt, Geliermittel Carrageen, Aroma, Salz, Farbstoff Carotin, Kann enthalten: (HASELNÜSSE)",136,571,"3,9","2,6",21,18,4,"0,25",https://www.edeka24.de/Lebensmittel/Backen-Desserts/Pudding-Dessert/Dr-Oetker-Tiramisu-Creme-70G.html,https://www.edeka24.de/out/pictures/generated/product/1/540_540_90/droetker_tiramisu_creme.jpg
781,Lebensmittel,Backen & Desserts,Pudding-Dessert,Dr.Oetker Seelenwärmer Tassen-Cremepudding Schokolade 59G,"1,19 €","20,17 €/kg","inkl. MwSt., zzgl. 4.95 € Versandkosten.",lieferbar innerhalb von 2-5 Werktagen,2023-05-02 23:31:37.397925,Cremepuddingpulver Schokolade für 150ml kochendes Wasser,,"Verantwortliches Lebensmittelunternehmen:
DR. AUGUST OETKER NAHRUNGSMITTEL KG, 33547 Bielefeld","Zutatenverzeichnis: VOLLMILCHPULVER, Zucker, modifizierte Stärke, Maltodextrin, 8,1% gemahlene Schokolade (Zucker, Kakaomasse, fettarmes Kakaopulver, natürliches Vanille Aroma), 6,2% fettarmes Kakaopulver, Aroma. Kann enthalten: HASELNÜSSE.",495,118,"3,2","2,1",19,12,"2,9","0,1",https://www.edeka24.de/Lebensmittel/Backen-Desserts/Pudding-Dessert/Dr-Oetker-Seelenwaermer-Tassen-Cremepudding-Schokolade-59G.html,https://www.edeka24.de/out/pictures/generated/product/1/540_540_90/droetker_seelenwamp228rmer_pudding_schokolade_famp252r_150ml_59g.jpg
782,Lebensmittel,Backen & Desserts,Pudding-Dessert,Dr.Oetker Milchreis mit Vanille-Geschmack 125G,"1,59 €","12,72 €/kg","inkl. MwSt., zzgl. 4.95 € Versandkosten.",lieferbar innerhalb von 2-5 Werktagen,2023-05-02 23:31:40.702378,Mischung für Milchreis Vanille-Geschmack,,,"Zutatenverzeichnis: 54% Instantreis, Zucker, Stärke, Salz, Aroma (enthält MILCHPULVER), Farbstoff (Carotin).",485,114,"1,3","0,8",22,"9,2","3,5","0,19",https://www.edeka24.de/Lebensmittel/Backen-Desserts/Pudding-Dessert/Dr-Oetker-Milchreis-mit-Vanille-Geschmack-125G.html,https://www.edeka24.de/out/pictures/generated/product/1/540_540_90/droetker_milchreis_mit_vanillegeschmack.jpg
783,Lebensmittel,Backen & Desserts,Pudding-Dessert,Alnatura Bio Pudding Bourbon-Vanille 3ST 120G,"3,29 €","27,42 €/kg","inkl. MwSt., zzgl. 4.95 € Versandkosten.",lieferbar innerhalb von 2-5 Werktagen,2023-05-02 23:31:44.493797,Bio Puddingpulver Vanille,Hinweis zur Aufbewahrung: Bitte trocken lagern und vor Wärme schützen.,"Verantwortliches Lebensmittelunternehmen:
Alnatura Produktions- und Handels GmbH, Mahatma-Gandhi-Str. 7, 64295 Darmstadt","Zutatenverzeichnis: Maisstärke*, Bourbon-Vanilleschote* gemahlen 1,5%. *aus biologischer Landwirtschaft. Kann Spuren von Sesam enthalten.",453,108,"3,1","1,9",17,11,"2,9","0,1",https://www.edeka24.de/Lebensmittel/Backen-Desserts/Pudding-Dessert/Alnatura-Bio-Pudding-Bourbon-Vanille-3ST-120G.html,https://www.edeka24.de/out/pictures/generated/product/1/540_540_90/alnaturavanpuddpulv.jpg
784,Lebensmittel,Backen & Desserts,Pudding-Dessert,Dr.Oetker Dessert Soße mit Vanille-Geschmack zum Kochen 3ST 51G,"1,09 €","21,37 €/kg","inkl. MwSt., zzgl. 4.95 € Versandkosten.",lieferbar innerhalb von 2-5 Werktagen,2023-05-02 23:31:48.191592,Soßenpulver Vanille-Geschmack,,"Verantwortliches Lebensmittelunternehmen:
Dr. August Oetker Nahrungsmittel KG, Lutterstraße 14, D-33617 Bielefeld","Zutatenverzeichnis: Stärke, Farbstoff (Carotin), Aroma, Salz",82,347,"1,4","0,8",14,11,3,"0,13",https://www.edeka24.de/Lebensmittel/Backen-Desserts/Pudding-Dessert/Dr-Oetker-Dessert-Sosse-mit-Vanille-Geschmack-zum-Kochen-3ST-51G.html,https://www.edeka24.de/out/pictures/generated/product/1/540_540_90/droetker_dessert_soe_mit_vanillegeschmack_zum_kochen.jpg
785,Lebensmittel,Backen & Desserts,Pudding-Dessert,Dr.Oetker Süße Mahlzeit Kaiserschmarrn nach klassischer Art 165G,"1,59 €","9,64 €/kg","inkl. MwSt., zzgl. 4.95 € Versandkosten.",lieferbar innerhalb von 2-5 Werktagen,2023-05-02 23:31:51.392410,Mischung für Kaiserschmarrn,,"Verantwortliches Lebensmittelunternehmen:
Dr. August Oetker Nahrungsmittel KG, Lutterstraße 14, D-33617 Bielefeld","Zutatenverzeichnis: WEIZENMEHL, Zucker, 12% Rosinen, modifizierte Stärke, MAGERMILCHPULVER, Backpulver (Backtriebmittel Glucono-delta-lacton, Natriumhydrogencarbonat), Salz, Verdickungsmittel (Guarkernmehl), Aromen (enthält GERSTE)",844,200,"4,6","1,5",32,"13,8","6,3","0,64",https://www.edeka24.de/Lebensmittel/Backen-Desserts/Pudding-Dessert/Dr-Oetker-Suesse-Mahlzeit-Kaiserschmarrn-nach-klassischer-Art-165G.html,https://www.edeka24.de/out/pictures/generated/product/1/540_540_90/droetker_se_mahlzeit_kaiserschmarrn_nach_klassischer_art_165_g.jpg
786,Lebensmittel,Backen & Desserts,Pudding-Dessert,Dr.Oetker Paradies Creme Stracciatella 66G,"1,29 €","19,55 €/kg","inkl. MwSt., zzgl. 4.95 € Versandkosten.",lieferbar innerhalb von 2-5 Werktagen,2023-05-02 23:31:54.661284,Cremepulver Stracciatella für 300ml Milch,,"Verantwortliches Lebensmittelunternehmen:
Dr. August Oetker Nahrungsmittel KG, Lutterstraße 14, D-33617 Bielefeld","Zutatenverzeichnis: Zucker, modifizierte Stärke, Glukosesirup, pflanzliche Öle (Palmkern, Palm), 4,5% Schokolade (Zucker, Kakaomasse, fettarmes Kakaopulver, Kakaobutter, Emulgator Lecithine), 4,5% Schokolade (Zucker, Kakaomasse, Kakaobutter, Emulgator Lecithine, Aroma), Emulgator E 472b, Geliermittel Carrageen, MILCHEIWEISS, Salz, Aroma, Kann Spuren von MILCHZUCKER und HASELNÜSSEN enthalten",120,505,"3,4","2,4",19,16,3,"0,23",https://www.edeka24.de/Lebensmittel/Backen-Desserts/Pudding-Dessert/Dr-Oetker-Paradies-Creme-Stracciatella-66G.html,https://www.edeka24.de/out/pictures/generated/product/1/540_540_90/droetker_paradies_creme_stracciatella_66_g.jpg
787,Lebensmittel,Backen & Desserts,Pudding-Dessert,Dr.Oetker Quarkfein Vanille Geschmack 57G,"1,39 €","24,39 €/kg","inkl. MwSt., zzgl. 4.95 € Versandkosten.",lieferbar innerhalb von 2-5 Werktagen,2023-05-02 23:31:58.346472,Dessertpulver für Quarkspeise Vanille-Geschmack,,"Verantwortliches Lebensmittelunternehmen:
Dr. August Oetker Nahrungsmittel KG, Lutterstraße 14, D-33617 Bielefeld","Zutatenverzeichnis: Zucker, modifizierte Stärke, Aroma, Salz, Farbstoff (Carotin)",98,417,"0,8","0,4","14,5",13,8,"0,13",https://www.edeka24.de/Lebensmittel/Backen-Desserts/Pudding-Dessert/Dr-Oetker-Quarkfein-Vanille-Geschmack-57G.html,https://www.edeka24.de/out/pictures/generated/product/1/540_540_90/dr.oetkerquarkfein.jpg
788,Lebensmittel,Backen & Desserts,Pudding-Dessert,Alpro Soya Dessert Dunkle Schokolade feinherb 4ST 500G,"2,49 €","4,98 €/kg","inkl. MwSt., zzgl. 4.95 € Versandkosten.",lieferbar innerhalb von 2-5 Werktagen,2023-05-02 23:32:01.809399,"Sojadessert, Schokolade, angereichert mit Calcium & Vitaminen.",Hinweis zur Aufbewahrung: Mindestens haltbar bis: siehe Oberseite.,"Verantwortliches Lebensmittelunternehmen:
Alpro CVA, Vlamingstraat 28, 8560 Wevelgem, Belgium","Zutatenverzeichnis: SOJABASIS (Wasser, geschälte SOJABOHNEN (6,4%)), Zucker, Kakao (3%), modifizierte Stärke, Schokolade (1%), Tricalciumphosphat, Aroma, Verdickungsmittel (Carrageen), Meersalz, Vitamine (B2, D2). Gluten- und von Natur aus laktosefrei.",401,95,"2,3","0,8","14,7","11,8","3,1","0,14",https://www.edeka24.de/Lebensmittel/Backen-Desserts/Pudding-Dessert/Alpro-Soya-Dessert-Dunkle-Schokolade-feinherb-4ST-500G.html,https://www.edeka24.de/out/pictures/generated/product/1/540_540_90/alprosojadessertschoko.jpg
789,Lebensmittel,Backen & Desserts,Pudding-Dessert,Dr.Oetker Süße Mahlzeit Milchreis klassische Art 125G,"1,59 €","12,72 €/kg","inkl. MwSt., zzgl. 4.95 € Versandkosten.",lieferbar innerhalb von 2-5 Werktagen,2023-05-02 23:32:05.310681,Mischung für Milchreis,,"Verantwortliches Lebensmittelunternehmen:
Dr. August Oetker Nahrungsmittel KG, Lutterstraße 14, D-33617 Bielefeld","Zutatenverzeichnis: 60% Instantreis, Zucker, Stärke, Aroma (enthält MILCHZUCKER).",485,114,"1,3","0,8",22,"8,2","3,5","0,13",https://www.edeka24.de/Lebensmittel/Backen-Desserts/Pudding-Dessert/Dr-Oetker-Suesse-Mahlzeit-Milchreis-klassische-Art-125G.html,https://www.edeka24.de/out/pictures/generated/product/1/540_540_90/droetker_se_mahlzeit_milchreis_klassische_art(1).jpg
790,Lebensmittel,Backen & Desserts,Pudding-Dessert,Dr.Oetker Gala Puddingpulver Bourbon-Vanille 3ST 111G,"1,59 €","14,32 €/kg","inkl. MwSt., zzgl. 4.95 € Versandkosten.",lieferbar innerhalb von 2-5 Werktagen,2023-05-02 23:32:08.324200,-,,"Verantwortliches Lebensmittelunternehmen:
Dr. August Oetker Nahrungsmittel KG, Lutterstraße 14, D-33617 Bielefeld","Zutatenverzeichnis: Stärke, natürliches Bourbon-Vanille Aroma, Salz, Farbstoffe (Carotin, Riboflavin), gemahlene extrahierte Vanilleschoten, natürliches Aroma (enthält MILCHBESTANDTEILE)",386,91,"1,4","0,8",17,11,"2,9","0,18",https://www.edeka24.de/Lebensmittel/Backen-Desserts/Pudding-Dessert/Dr-Oetker-Gala-Puddingpulver-Bourbon-Vanille-3ST-111G.html,https://www.edeka24.de/out/pictures/generated/product/1/540_540_90/droetker_gala_puddingpulver_bourbonvanille_3x_37_g.jpg
791,Lebensmittel,Backen & Desserts,Pudding-Dessert,Dr.Oetker Himbeer-Sahne Creme 62G,"1,39 €","22,42 €/kg","inkl. MwSt., zzgl. 4.95 € Versandkosten.",lieferbar innerhalb von 2-5 Werktagen,2023-05-02 23:32:11.823848,Dessert-Cremepulver für ein Himbeer-Sahne-Dessert,Hinweis zur Aufbewahrung: Kühl und trocken lagern.,"Verantwortliches Lebensmittelunternehmen:
Dr. August Oetker Nahrungsmittel KG, Lutterstraße 14, D-33617 Bielefeld","Zutatenverzeichnis: Zucker, modifizierte Stärke, Glukosesirup, 3,2% SAHNEPULVER, 3,2% gefriergetrocknete Himbeerstücke, MILCHEIWEISS, Säuerungsmittel (Citronensäure), Emulgator E 472b, färbendes Lebensmittel Rote-Bete Saftpulver, Aroma, Salz, Farbstoff (Carotin)",122,516,"2,9","2,1","20,3","15,8","3,1","0,19",https://www.edeka24.de/Lebensmittel/Backen-Desserts/Pudding-Dessert/Dr-Oetker-Himbeer-Sahne-Creme-62G.html,https://www.edeka24.de/out/pictures/generated/product/1/540_540_90/4000521008031.jpg
792,Lebensmittel,Backen & Desserts,Pudding-Dessert,"Dr.Oetker Götterspeise Waldmeister-Geschmack 25,2G","1,39 €","55,16 €/kg","inkl. MwSt., zzgl. 4.95 € Versandkosten.",lieferbar innerhalb von 2-5 Werktagen,2023-05-02 23:32:15.306314,2 Beutel Geleepulver für Götterspeise Waldmeister-Geschmack für je 500ML Wasser,,"Verantwortliches Lebensmittelunternehmen:
Dr. August Oetker Nahrungsmittel KG, Lutterstraße 14, D-33617 Bielefeld","Zutatenverzeichnis: Gelatine, Säuerungsmittel (Citronensäure), färbendes Lebensmittel Saflorkonzentrat, Aroma, Farbstoff (E 131).",260,61,0,0,14,13,"1,4","0,01",https://www.edeka24.de/Lebensmittel/Backen-Desserts/Pudding-Dessert/Dr-Oetker-Goetterspeise-Waldmeister-Geschmack-25-2G.html,https://www.edeka24.de/out/pictures/generated/product/1/540_540_90/droetker_gamp246tterspeise_zum_kochen_waldmeistergeschmack_famp252r_1l_252g.jpg
793,Lebensmittel,Backen & Desserts,Pudding-Dessert,Dr.Oetker Backfeste Puddingcreme Vanille-Geschmack 40G,"1,09 €","27,25 €/kg","inkl. MwSt., zzgl. 4.95 € Versandkosten.",lieferbar innerhalb von 2-5 Werktagen,2023-05-02 23:32:18.771894,Cremepuddingpulver Vanille-Geschmack,,"Verantwortliches Lebensmittelunternehmen:
Dr. August Oetker Nahrungsmittel KG, Lutterstraße 14, D-33617 Bielefeld","Zutatenverzeichnis: Zucker, modifizierte Stärke, Geliermittel Carrageen, Aroma (enthält MILCHPULVER), Stabilisatoren (E 339, E 450), Farbstoff Carotin",396,94,"1,4","0,8",17,14,"2,9","0,28",https://www.edeka24.de/Lebensmittel/Backen-Desserts/Pudding-Dessert/Dr-Oetker-Backfeste-Puddingcreme-Vanille-Geschmack-40G.html,https://www.edeka24.de/out/pictures/generated/product/1/540_540_90/oebackfeste_puddingcreme.jpg
794,Lebensmittel,Backen & Desserts,Pudding-Dessert,Dr.Oetker Seelenwärmer Tassen-Cremepudding Vanille-Geschmack 58G,"1,19 €","20,52 €/kg","inkl. MwSt., zzgl. 4.95 € Versandkosten.",lieferbar innerhalb von 2-5 Werktagen,2023-05-02 23:32:23.452803,Cremepuddingpulver Vanille-Geschmack,,"Verantwortliches Lebensmittelunternehmen:
DR. AUGUST OETKER NAHRUNGSMITTEL KG, 33547 Bielefeld","Zutatenverzeichnis: VOLLMILCHPULVER, Zucker, modifizierte Stärke, Maltodextrin, Aroma (enthält MILCH), Farbstoff (Carotin).",117,494,3,2,19,10,"2,9","0,11",https://www.edeka24.de/Lebensmittel/Backen-Desserts/Pudding-Dessert/Dr-Oetker-Seelenwaermer-Tassen-Cremepudding-Vanille-Geschmack-58G.html,https://www.edeka24.de/out/pictures/generated/product/1/540_540_90/droetker_seelenwamp228rmer_pudding_vanillegeschmack_famp252r_150ml_58g.jpg
795,Lebensmittel,Backen & Desserts,Pudding-Dessert,Ruf Schlagcreme 2ST 80G,"1,49 €","18,63 €/kg","inkl. MwSt., zzgl. 4.95 € Versandkosten.",lieferbar innerhalb von 2-5 Werktagen,2023-05-02 23:32:27.206790,Zubereitung für eine Creme mit pflanzlichem Öl,Hinweis zur Aufbewahrung: Trocken lagern. Vor Wärme und Licht schützen.,"Verantwortliches Lebensmittelunternehmen:
RUF Lebensmittelwerk KG, Oldenburger Str. 1, D-49610 Quakenbrück","Zutatenverzeichnis: Zucker, pflanzliches Öl (Palm), Glukosesirup, Emulgatoren (E 471 und E 477), MILCHEIWEIß, modifizierte Stärke, Aroma, Maltodextrin, Verdickungsmittel Carrageen, Aroma, Farbstoff Carotin. Kann Spuren von EI, LAKTOSE, SOJA und SCHALENFRÜCHTEN enthalten.",575,2399,"36,3","34,4","57,9","39,6","4,2","0,3",https://www.edeka24.de/Lebensmittel/Backen-Desserts/Pudding-Dessert/Ruf-Schlagcreme-2ST-80G.html,https://www.edeka24.de/out/pictures/generated/product/1/540_540_90/rufschlagcreme.jpg
796,Lebensmittel,Backen & Desserts,Pudding-Dessert,Dr.Oetker Grießbrei Vanille-Geschmack 90G,"1,59 €","17,67 €/kg","inkl. MwSt., zzgl. 4.95 € Versandkosten.",lieferbar innerhalb von 2-5 Werktagen,2023-05-02 23:32:31.471344,Mischung für Grießbrei Vanille-Geschmack,,"Verantwortliches Lebensmittelunternehmen:
Dr. August Oetker Nahrungsmittel KG, Lutterstraße 14, D-33617 Bielefeld","Zutatenverzeichnis: 47% HARTWEIZENGRIESS, Zucker, Stärke, modifizierte Stärke, Verdickungsmittel (Xanthan), Aromen (enthält MILCHPULVER), Farbstoff (Carotin), Emulgator (Mono- und Diglyceride von Speisefettsäuren).",405,96,"1,5","0,8","16,7","9,5","3,7","0,12",https://www.edeka24.de/Lebensmittel/Backen-Desserts/Pudding-Dessert/Dr-Oetker-Griessbrei-Vanille-Geschmack-90G.html,https://www.edeka24.de/out/pictures/generated/product/1/540_540_90/oegriessbrei_vanille_90g.jpg
797,Lebensmittel,Backen & Desserts,Pudding-Dessert,Dr.Oetker Mousse a la Vanille 60G,"2,19 €","36,50 €/kg","inkl. MwSt., zzgl. 4.95 € Versandkosten.",lieferbar innerhalb von 2-5 Werktagen,2023-05-02 23:32:35.126182,Cremepulver für eine Mousse Vanille,,"Verantwortliches Lebensmittelunternehmen:
Dr. August Oetker Nahrungsmittel KG, Lutterstraße 14, D-33617 Bielefeld","Zutatenverzeichnis: Zucker, Gelatine, Glukosesirup, Palmfett, Maltodextrin, modifizierte Stärke, Emulgator E 472b, natürliches Bourbon-VanilleAroma, MILCHEIWEISS, Geliermittel Carrageen, Salz, Farbstoff Carotin, gemahlene extrahierte Vanilleschoten, natürliches Aroma (enthält MILCHBESTANDTEILE)",516,122,3,"2,2",19,16,"4,4","0,21",https://www.edeka24.de/Lebensmittel/Backen-Desserts/Pudding-Dessert/Dr-Oetker-Mousse-a-la-Vanille-60G.html,https://www.edeka24.de/out/pictures/generated/product/1/540_540_90/droetker_mousse_a_la_vanille.jpg
798,Lebensmittel,Backen & Desserts,Pudding-Dessert,Dr.Oetker Galetta 1 Minuten Cremepudding Schokolade 99G,"1,39 €","14,04 €/kg","inkl. MwSt., zzgl. 4.95 € Versandkosten.",lieferbar innerhalb von 2-5 Werktagen,2023-05-02 23:32:38.533244,Cremepudding-Pulver Schokolade,,"Verantwortliches Lebensmittelunternehmen:
Dr. August Oetker Nahrungsmittel KG, Lutterstraße 14, D-33617 Bielefeld","Zutatenverzeichnis: Zucker, modifizierte Stärke, 12% fettarmes Kakaopulver, Glukosesirup, Geliermittel (Carrageen), Stabilisator (Calciumlactat), pflanzliche Öle (Palmkern, Palm), Emulgatoren (E 472a, E 471), Salz, Aroma Vanillin, MILCHEIWEISS",103,436,"1,8","1,1",18,14,"3,3","0,22",https://www.edeka24.de/Lebensmittel/Backen-Desserts/Pudding-Dessert/Dr-Oetker-Galetta-1-Minuten-Cremepudding-Schokolade-99G.html,https://www.edeka24.de/out/pictures/generated/product/1/540_540_90/oegaletta_schokolade.jpg
799,Lebensmittel,Backen & Desserts,Pudding-Dessert,Dr.Oekter Paradies Creme des Jahres Lemon Pie 64G,"1,29 €","20,16 €/kg","inkl. MwSt., zzgl. 4.95 € Versandkosten.",lieferbar innerhalb von 2-5 Werktagen,2023-05-02 23:32:41.698416,Crmepulver Zitronengeschmack mit gemahlenem Mürbegebäck für 300ml Milch,,"Verantwortliches Lebensmittelunternehmen:
Dr. August Oetker Nahrungsmittel KG, 33547 Bielefeld","Zutatenverzeichnis: Zucker, modifizierte Stärke, 13% gemahlenes Mürbegebäck (WEIZENMEHL, Zucker, pflanzliche Öle(Palm, Raps), Emulgator(Lecithine), Salz), Glukosesirup, Palmfett, Emulgator(E 472b), Geliermittel (Carrageen), MILCHEIWEISS, Aroma (enthält MILCH), Stärke, natürliches Zitronen Aroma, Salz, Zitronensaftpulver, Orangensaftpulver, Farbstoff (Carotin). Kann enthalten: ERDNÜSSE.",494,117,"3,3","2,4",18,15,"3,1","0,22",https://www.edeka24.de/Lebensmittel/Backen-Desserts/Pudding-Dessert/Dr-Oekter-Paradies-Creme-des-Jahres-Lemon-Pie-64G.html,https://www.edeka24.de/out/pictures/generated/product/1/540_540_90/dr.oetkerparacremelemonpie.jpg
800,Lebensmittel,Backen & Desserts,Pudding-Dessert,Dr.Oetker Grießbrei Weniger Süß 76G,"1,59 €","20,92 €/kg","inkl. MwSt., zzgl. 4.95 € Versandkosten.",lieferbar innerhalb von 2-5 Werktagen,2023-05-02 23:32:45.044848,Mischung für Grießbrei weniger süß. 30 % weniger Zucker.,,"Verantwortliches Lebensmittelunternehmen:
Dr. August Oetker Nahrungsmittel KG, Lutterstraße 14, D-33617 Bielefeld","Zutatenverzeichnis: 56% HARTWEIZENGRIESS, Zucker, Stärke, Maltodextrin, modifizierte Stärke, Verdickungsmittel Xanthan, Aroma (enthält MILCHZUCKER) Emulgator (Mono- und Diglyceride von Speisefettsäuren).",88,372,"1,5","0,8",15,"6,3","3,8","0,12",https://www.edeka24.de/Lebensmittel/Backen-Desserts/Pudding-Dessert/Dr-Oetker-Griessbrei-Weniger-Suess-76G.html,https://www.edeka24.de/out/pictures/generated/product/1/540_540_90/dr.oetkerwenigers.jpg
801,Lebensmittel,Backen & Desserts,Pudding-Dessert,Dr.Oetker Quarkfein Erdbeer Geschmack 56G,"1,39 €","24,82 €/kg","inkl. MwSt., zzgl. 4.95 € Versandkosten.",lieferbar innerhalb von 2-5 Werktagen,2023-05-02 23:32:48.734341,Dessertpulver für eine Quarkspeise Erdbeer-Geschmack,,"Verantwortliches Lebensmittelunternehmen:
Dr. August Oetker Nahrungsmittel KG, Lutterstraße 14, D-33617 Bielefeld","Zutatenverzeichnis: Zucker, modifizierte Stärke, Maltodextrin, 2,0% Erdbeerpulver, Säuerungsmittel (Citronensäure), färbendes Lebensmittel Rote-Bete Saftpulver, Aromen (enthält MILCHBESTANDTEILE), Farbstoff (Carotin)",413,97,"0,8","0,4","14,2","12,2",8,"0,11",https://www.edeka24.de/Lebensmittel/Backen-Desserts/Pudding-Dessert/Dr-Oetker-Quarkfein-Erdbeer-Geschmack-56G.html,https://www.edeka24.de/out/pictures/generated/product/1/540_540_90/droetker_quarkfein_erdbeer_geschmack.jpg
802,Lebensmittel,Backen & Desserts,Pudding-Dessert,Dr.Oetker Aranca Joghurt-Dessert Aprikose-Maracuja 78G,"1,39 €","17,82 €/kg","inkl. MwSt., zzgl. 4.95 € Versandkosten.",lieferbar innerhalb von 2-5 Werktagen,2023-05-02 23:32:52.400823,Cremespeise-Pulver für ein Joghurt-Dessert Aprikose-Maracuja,,"Verantwortliches Lebensmittelunternehmen:
Dr. August Oetker Nahrungsmittel KG, Lutterstraße 14, D-33617 Bielefeld","Zutatenverzeichnis: Zucker, modifizierte Stärke, Gelatine, 1,5% Maracujasaftpulver, 1,2% Aprikosenpulver, Säuerungsmittel (Citronensäure), aufgeschlossenes Erbseneiweiß, Verdickungsmittel (Guarkernmehl, Pektine, Carboxymethylcellulose), Aroma, Farbstoff (Carotin)",404,95,"1,3","0,8","17,8","15,5","2,4","0,11",https://www.edeka24.de/Lebensmittel/Backen-Desserts/Pudding-Dessert/Dr-Oetker-Aranca-Joghurt-Dessert-Aprikose-Maracuja-78G.html,https://www.edeka24.de/out/pictures/generated/product/1/540_540_90/droetker_aranca_aprikosemaracuja.jpg
803,Lebensmittel,Backen & Desserts,Pudding-Dessert,Alnatura Bio Pudding Schoko 3ST 138G,"2,19 €","15,87 €/kg","inkl. MwSt., zzgl. 4.95 € Versandkosten.",lieferbar innerhalb von 2-5 Werktagen,2023-05-02 23:32:56.067613,Bio Puddingpulver Schoko,Hinweis zur Aufbewahrung: Bitte trocken lagern und vor Wärme schützen.,"Verantwortliches Lebensmittelunternehmen:
Alnatura Produktions- und Handels GmbH, Mahatma-Gandhi-Str. 7, 64295 Darmstadt","Zutatenverzeichnis: Maisstärke*, Kakaopulver* 22,5 %, Säureregulator: Calciumcarbonat. *aus biologischer Landwirtschaft. Kann Spuren von Sesam enthalten.",461,110,"3,4","2,1","16,3","10,6","3,2","0,1",https://www.edeka24.de/Lebensmittel/Backen-Desserts/Pudding-Dessert/Alnatura-Bio-Pudding-Schoko-3ST-138G.html,https://www.edeka24.de/out/pictures/generated/product/1/540_540_90/alnaturaschoko-pudding.jpg
804,Lebensmittel,Backen & Desserts,Pudding-Dessert,Dr.Oetker Tortencremepulver Schoko-Sahne 170G,"1,99 €","11,71 €/kg","inkl. MwSt., zzgl. 4.95 € Versandkosten.",lieferbar innerhalb von 2-5 Werktagen,2023-05-02 23:32:59.379035,Cremepulver für Tortencreme Schoko-Sahne,,"Verantwortliches Lebensmittelunternehmen:
Dr. August Oetker Nahrungsmittel KG, Lutterstraße 14, D-33617 Bielefeld","Zutatenverzeichnis: Zucker, Dextrose, 14% Schokoladenflocken dragiert (Zucker, Kakaomasse, fettarmes Kakaopulver, Kakaopulver, Flüssigzucker, Kakaobutter, Emulgator Lecithine, Glukosesirup), 13% fettarmes Kakaopulver, modifizierte Stärke, Gelatine, Kann Spuren von HASELNÜSSEN und MILCHBESTANDTEILEN enthalten",1128,272,21,12,16,15,3,"0,17",https://www.edeka24.de/Lebensmittel/Backen-Desserts/Pudding-Dessert/Dr-Oetker-Tortencremepulver-Schoko-Sahne-170G.html,https://www.edeka24.de/out/pictures/generated/product/1/540_540_90/droetker_tortencremepulver_schokosahne.jpg
805,Lebensmittel,Backen & Desserts,Pudding-Dessert,Dr.Oetker Seelenwärmer Tassen-Cremepudding Sahne-Mandel 58G,"1,19 €","20,52 €/kg","inkl. MwSt., zzgl. 4.95 € Versandkosten.",lieferbar innerhalb von 2-5 Werktagen,2023-05-02 23:33:02.843683,Cremepuddingpulver Sahne-Mandel-Geschmack für 150ml kochendes Wasser,,"Verantwortliches Lebensmittelunternehmen:
DR. AUGUST OETKER NAHRUNGSMITTEL KG, 33547 Bielefeld","Zutatenverzeichnis: VOLLMILCHPULVER, Zucker, modifizierte Stärke, Maltodextrin, Aroma, Farbstoff (Carotin).",494,117,3,2,19,10,"2,9","0,11",https://www.edeka24.de/Lebensmittel/Backen-Desserts/Pudding-Dessert/Dr-Oetker-Seelenwaermer-Tassen-Cremepudding-Sahne-Mandel-58G.html,https://www.edeka24.de/out/pictures/generated/product/1/540_540_90/droetker_seelenwamp228rmer_pudding_sahnemandel_famp252r_150ml_58g.jpg
806,Lebensmittel,Backen & Desserts,Pudding-Dessert,Dr.Oetker Tassenküchlein Schoko 55G,"1,19 €","21,64 €/kg","inkl. MwSt., zzgl. 4.95 € Versandkosten.",lieferbar innerhalb von 2-5 Werktagen,2023-05-02 23:33:06.795708,Kuchenmischung für 1 Schoko Küchlein,,"Verantwortliches Lebensmittelunternehmen:
DR. AUGUST OETKER NAHRUNGSMITTEL KG, 33547 Bielefeld","Zutatenverzeichnis: Zucker, WEIZENMEHL, 9,0% Schokolade (Zucker, Kakaomasse, fettarmes Kakaopulver, Kakaobutter, Emulgator (Lecithine)), 6,5% fettarmes Kakaopulver, HÜHNEREIEIWEISSPULVER, modifizierte Stärke, Emulgatoren (E 472b, E 472a), Backpulver (Backtriebmittel Dinatriumdiphosphat, Natriumhydrogencarbonat), Glukosesirup, MAGERMILCHPULVER, Aroma Vanillin, Kann Spuren von HASELNÜSSEN enthalten",1043,247,"3,4","2,1",46,34,"6,2","0,46",https://www.edeka24.de/Lebensmittel/Backen-Desserts/Pudding-Dessert/Dr-Oetker-Tassenkuechlein-Schoko-55G.html,https://www.edeka24.de/out/pictures/generated/product/1/540_540_90/tassenkchleinschoko.jpg
807,Lebensmittel,Backen & Desserts,Pudding-Dessert,Dr.Oetker Dessert Soße Bourbon Vanille ohne Kochen 39G,"1,39 €","35,64 €/kg","inkl. MwSt., zzgl. 4.95 € Versandkosten.",lieferbar innerhalb von 2-5 Werktagen,2023-05-02 23:33:10.225536,Soßenpulver Bourbon-Vanille,,"Verantwortliches Lebensmittelunternehmen:
Dr. August Oetker Nahrungsmittel KG, Lutterstraße 14, D-33617 Bielefeld","Zutatenverzeichnis: Zucker, modifizierte Stärke, natürliches Bourbon-Vanille Aroma, Glukosesirup, Palmfett, Emulgator E 472b, Farbstoff (Carotin), Salz, MILCHEIWEISS, natürliches Aroma (enthält MILCHBESTANDTEILE), gemahlene extrahierte Vanilleschoten",95,400,"1,6","0,9",17,"12,7","2,9","0,15",https://www.edeka24.de/Lebensmittel/Backen-Desserts/Pudding-Dessert/Dr-Oetker-Dessert-Sosse-Bourbon-Vanille-ohne-Kochen-39G.html,https://www.edeka24.de/out/pictures/generated/product/1/540_540_90/oebouvansosokof250ml_39g.jpg
808,Lebensmittel,Backen & Desserts,Pudding-Dessert,Dr.Oetker Milchnudeln Vanille-Geschmack 116G,"1,59 €","13,71 €/kg","inkl. MwSt., zzgl. 4.95 € Versandkosten.",lieferbar innerhalb von 2-5 Werktagen,2023-05-02 23:33:13.436544,Mischung für Milchnudeln Vanille-Geschmack,,"Verantwortliches Lebensmittelunternehmen:
Dr. August Oetker Nahrungsmittel KG, Lutterstraße 14, D-33617 Bielefeld","Zutatenverzeichnis: 56% Instant-Bandnudeln aus HARTWEIZENGRIESS, Zucker, Stärke, modifizierte Stärke, Verdickungsmittel (Xanthan), Salz, Aromen (enthält MILCHPULVER), Farbstoff (Carotin), Emulgator (Mono- und Diglyceride von Speisefettsäuren), Kann Spuren von HÜHNEREI enthalten",461,109,"1,5","0,8","19,5","9,3","4,1","0,16",https://www.edeka24.de/Lebensmittel/Backen-Desserts/Pudding-Dessert/Dr-Oetker-Milchnudeln-Vanille-Geschmack-116G.html,https://www.edeka24.de/out/pictures/generated/product/1/540_540_90/dr.oetkermilchnudelnvanille-geschmack.jpg
809,Lebensmittel,Backen & Desserts,Pudding-Dessert,Dr.Oetker Tassenküchlein Schokino 50G,"1,19 €","23,80 €/kg","inkl. MwSt., zzgl. 4.95 € Versandkosten.",lieferbar innerhalb von 2-5 Werktagen,2023-05-02 23:33:16.931197,Kuchenmischung für 1 Küchlein mit Schokostückchen,,"Verantwortliches Lebensmittelunternehmen:
DR. AUGUST OETKER NAHRUNGSMITTEL KG, 33547 Bielefeld","Zutatenverzeichnis: Zucker, WEIZENMEHL, 10% Schokoladenstückchen (Zucker, Kakaomasse, Kakaobutter, Emulgator (Lecithine)), HÜHNEREIEIWEISSPULVER, Stärke, modifizierte Stärke, Backpulver (Backtriebmittel Dinatriumdiphosphat und Natriumhydrogencarbonat), Aroma (enthält MILCH), Emulgatoren (E 475, E 471, E 433), Verdickungsmittel (Xanthan), Farbstoff (Carotin), Kann enthalten: (HASELNÜSSE)",996,235,"2,9","1,8",45,27,"6,6","0,57",https://www.edeka24.de/Lebensmittel/Backen-Desserts/Pudding-Dessert/Dr-Oetker-Tassenkuechlein-Schokino-50G.html,https://www.edeka24.de/out/pictures/generated/product/1/540_540_90/oetktassenkuechlschokino_50g.jpg
810,Lebensmittel,Backen & Desserts,Pudding-Dessert,Dr.Oetker Mousse au Chocolat Klassisch 92G,"2,19 €","23,80 €/kg","inkl. MwSt., zzgl. 4.95 € Versandkosten.",lieferbar innerhalb von 2-5 Werktagen,2023-05-02 23:33:20.401791,Cremepulver für Mousse au Chocolat,,"Verantwortliches Lebensmittelunternehmen:
Dr. August Oetker Nahrungsmittel KG, Lutterstraße 14, D-33617 Bielefeld","Zutatenverzeichnis: Zucker, 18% fettarmes Kakaopulver, 8,6% Schokolade (Zucker, Kakaomasse, fettarmes Kakaopulver, Kakaobutter, Emulgator (Lecithine)), Glukosesirup, Palmfett, Gelatine, Emulgatoren (E 472a, E 471), modifizierte Stärke, Geliermittel (Carrageen), MILCHEIWEISS, Salz, Kann Spuren von MILCHZUCKER und HASELNÜSSEN enthalten",635,151,"4,8","3,4",21,17,"5,2","0,33",https://www.edeka24.de/Lebensmittel/Backen-Desserts/Pudding-Dessert/Dr-Oetker-Mousse-au-Chocolat-Klassisch-92G.html,https://www.edeka24.de/out/pictures/generated/product/1/540_540_90/droetker_mousse_au_chocolat.jpg
811,Lebensmittel,Backen & Desserts,Pudding-Dessert,Dr.Oetker Galetta 1 Minuten Cremepudding Vanille Geschmack 80G,"1,39 €","17,38 €/kg","inkl. MwSt., zzgl. 4.95 € Versandkosten.",lieferbar innerhalb von 2-5 Werktagen,2023-05-02 23:33:24.631582,Cremepudding-Pulver Vanille-Geschmack,,"Verantwortliches Lebensmittelunternehmen:
Dr. August Oetker Nahrungsmittel KG, Lutterstraße 14, D-33617 Bielefeld","Zutatenverzeichnis: Zucker, modifizierte Stärke, Glukosesirup, Geliermittel (Carrageen), pflanzliche Öle (Palmkern, Palm), Emulgatoren (E 472a, E 471), Aroma (enthält MILCHPULVER), Farbstoffe (Carotin, Riboflavin), Salz, MILCHEIWEISS",406,96,"1,7",1,17,13,"2,9","0,17",https://www.edeka24.de/Lebensmittel/Backen-Desserts/Pudding-Dessert/Dr-Oetker-Galetta-1-Minuten-Cremepudding-Vanille-Geschmack-80G.html,https://www.edeka24.de/out/pictures/generated/product/1/540_540_90/droetker_galetta_1_minuten_cremepudding_vanille_geschmack.jpg
812,Lebensmittel,Backen & Desserts,Pudding-Dessert,"RUF Dessertsosse Vanille ohne Kochen für 1,5l 72G","0,99 €","13,75 €/kg","inkl. MwSt., zzgl. 4.95 € Versandkosten.",lieferbar innerhalb von 2-5 Werktagen,2023-05-02 23:33:28.194122,"Soßenpulver Vanille-Geschmack ohne Kochen, gezuckert",Hinweis zur Aufbewahrung: Trocken lagern. Vor Wärme und Licht schützen.,"Verantwortliches Lebensmittelunternehmen:
RUF Lebensmittelwerk KG, Oldenburger Straße 1, 49610 Quakenbrück","Zutatenverzeichnis: Zucker (81,1 %), modifizierte Stärke, Verdickungsmittel (Guarkernmehl, Carrageen), Maltodextrin, Aroma, Farbstoff Carotin.",78,328,"1,5","0,9","12,8","11,6","3,1","0,13",https://www.edeka24.de/Lebensmittel/Backen-Desserts/Pudding-Dessert/RUF-Dessertsosse-Vanille-ohne-Kochen-fuer-1-5l-72G.html,https://www.edeka24.de/out/pictures/generated/product/1/540_540_90/ruf_dessert_soe_vanille_geschmack_ohne_kochen_3x_24_g.jpg
813,Lebensmittel,Backen & Desserts,Pudding-Dessert,Dr.Oetker Original Puddingpulver feinherb Schokolade 3ST 144G,"1,09 €","7,57 €/kg","inkl. MwSt., zzgl. 4.95 € Versandkosten.",lieferbar innerhalb von 2-5 Werktagen,2023-05-02 23:33:31.780786,Puddingpulver Schokolade feinherb,,"Verantwortliches Lebensmittelunternehmen:
Dr. August Oetker Nahrungsmittel KG, Lutterstraße 14, D-33617 Bielefeld","Zutatenverzeichnis: Maisstärke, 23% fettarmes Kakaopulver, Salz, Aroma Vanillin",95,403,"1,6","0,9",16,11,"3,3","0,18",https://www.edeka24.de/Lebensmittel/Backen-Desserts/Pudding-Dessert/Dr-Oetker-Original-Puddingpulver-feinherb-Schokolade-3ST-144G.html,https://www.edeka24.de/out/pictures/generated/product/1/540_540_90/droetker_original_puddingpulver_feinherbe_schokonote_3x_48_g.jpg
814,Lebensmittel,Backen & Desserts,Pudding-Dessert,Ruf Unsere Backfeste Puddingcreme 42G,"0,89 €","21,19 €/kg","inkl. MwSt., zzgl. 4.95 € Versandkosten.",lieferbar innerhalb von 2-5 Werktagen,2023-05-02 23:33:35.509822,Cremepulver für eine backstabile Puddingcreme,Hinweis zur Aufbewahrung: Trocken lagern. Vor Wärme und Licht schützen.,"Verantwortliches Lebensmittelunternehmen:
RUF Lebensmittelwerk KG, D-49610 Quakenbrück","Zutatenverzeichnis: Zucker, modifizierte Stärke, Verdickungsmittel Carrageen,Aroma (MILCH), Speisesalz, Farbstoffe Norbixin, Riboflavine. Kann Spuren von EI, SOJA und SCHALENFRÜCHTEN enthalten.",379,1607,"0,1",0,"92,7","66,1",0,"0,75",https://www.edeka24.de/Lebensmittel/Backen-Desserts/Pudding-Dessert/Ruf-Unsere-Backfeste-Puddingcreme-42G.html,https://www.edeka24.de/out/pictures/generated/product/1/540_540_90/ruf_backfeste_puddingcreme_42g.jpg
815,Lebensmittel,Backen & Desserts,Pudding-Dessert,Dr.Oetker Apfel-Püfferchen 152G,"1,59 €","10,46 €/kg","inkl. MwSt., zzgl. 4.95 € Versandkosten.",lieferbar innerhalb von 2-5 Werktagen,2023-05-02 23:33:39.195766,Schnelle Apfel-Waffeln,,"Verantwortliches Lebensmittelunternehmen:
Dr. August Oetker Nahrungsmittel KG, Lutterstraße 14, D-33617 Bielefeld","Zutatenverzeichnis: WEIZENMEHL, Zucker, 11% getrocknete Apfelstücke (Apfelstücke, Säuerungsmittel (Citronensäure), Antioxidationsmittel (Ascorbinsäure)), Stärke, MAGERMILCHPULVER, Backtriebmittel (Glucono-delta-lacton, Natriumhydrogencarbonat), Aroma, Salz, Säuerungsmittel (Citronensäure), Palmöl.",927,220,5,"1,7",36,14,"6,6","0,57",https://www.edeka24.de/Lebensmittel/Backen-Desserts/Pudding-Dessert/Dr-Oetker-Apfel-Puefferchen-152G.html,https://www.edeka24.de/out/pictures/generated/product/1/540_540_90/droetker_apfelpamp252fferchen_152g.jpg
816,Lebensmittel,Backen & Desserts,Pudding-Dessert,Dr.Oetker Dessert Soße Vanille ohne Kochen 39G,"1,09 €","27,95 €/kg","inkl. MwSt., zzgl. 4.95 € Versandkosten.",lieferbar innerhalb von 2-5 Werktagen,2023-05-02 23:33:42.908731,Soßenpulver Vanille Geschmack,,"Verantwortliches Lebensmittelunternehmen:
Dr. August Oetker Nahrungsmittel KG, Lutterstraße 14, D-33617 Bielefeld","Zutatenverzeichnis: Zucker, modifizierte Stärke, Glukosesirup, Palmfett, Aromen (enthält MILCHPULVER), Emulgator E 472b, Salz, Farbstoff (Carotin), MILCHEIWEISS",400,95,"1,6","0,9",17,"12,8","2,9","0,16",https://www.edeka24.de/Lebensmittel/Backen-Desserts/Pudding-Dessert/Dr-Oetker-Dessert-Sosse-Vanille-ohne-Kochen-39G.html,https://www.edeka24.de/out/pictures/generated/product/1/540_540_90/droetker_dessert_soe_vanille_ohne_kochen.jpg
817,Lebensmittel,Backen & Desserts,Pudding-Dessert,Dr.Oetker Gala Feiner Schoko-Mandel-Pudding 2ST 110G,"1,59 €","14,45 €/kg","inkl. MwSt., zzgl. 4.95 € Versandkosten.",lieferbar innerhalb von 2-5 Werktagen,2023-05-02 23:33:46.693653,Puddingpulver Schokolade mit gehackten Mandeln,,"Verantwortliches Lebensmittelunternehmen:
Dr. August Oetker Nahrungsmittel KG, Lutterstraße 14, D-33617 Bielefeld","Zutatenverzeichnis: Stärke, 23% fettarmes Kakaopulver, 8,1% gehackte MANDELN, natürliches Aroma (enthält MANDELN)",105,444,2,"0,9",18,12,"3,5","0,17",https://www.edeka24.de/Lebensmittel/Backen-Desserts/Pudding-Dessert/Dr-Oetker-Gala-Feiner-Schoko-Mandel-Pudding-2ST-110G.html,https://www.edeka24.de/out/pictures/generated/product/1/540_540_90/droetker_gala_feiner_schokomandelpudding.jpg
818,Lebensmittel,Backen & Desserts,Pudding-Dessert,Dr.Oetker Seelenwärmer Gourmet Cremepudding Vollmilch Schokolade 90G,"1,39 €","15,44 €/kg","inkl. MwSt., zzgl. 4.95 € Versandkosten.",lieferbar innerhalb von 2-5 Werktagen,2023-05-02 23:33:50.556426,Cremepudding-Pulver Vollmilch-Schokolade für 300ml Milch,,"Verantwortliches Lebensmittelunternehmen:
Dr. August Oetker Nahrungsmittel KG, Lutterstraße 14, D-33617 Bielefeld","Zutatenverzeichnis: 35% VOLLMILCHSCHOKOLADE (Zucker, VOLLMILCHPULVER, Kakaomasse, Kakaobutter, SÜSSMOLKENPULVER, Emulgator (Lecithine), Aroma), Zucker, Maltodextrin, modifizierte Stärke, 7,2% fettarmes Kakaopulver. Kann enthalten: HASELNÜSSE.",563,134,"3,6","2,2",21,13,"3,6","0,12",https://www.edeka24.de/Lebensmittel/Backen-Desserts/Pudding-Dessert/Dr-Oetker-Seelenwaermer-Gourmet-Cremepudding-Vollmilch-Schokolade-90G.html,https://www.edeka24.de/out/pictures/generated/product/1/540_540_90/droetker_seelenwamp228rmer_gourmet_vollmilch_schokolade_famp252r_300ml_90g.jpg
819,Lebensmittel,Backen & Desserts,Pudding-Dessert,Dr.Oetker Gala feiner Vanille-Mandel-Pudding 2ST 80G,"1,59 €","19,88 €/kg","inkl. MwSt., zzgl. 4.95 € Versandkosten.",lieferbar innerhalb von 2-5 Werktagen,2023-05-02 23:33:54.193271,Puddingpulver Vanille mit gehackten Mandeln,,"Verantwortliches Lebensmittelunternehmen:
Dr. August Oetker Nahrungsmittel KG, Lutterstraße 14, D-33617 Bielefeld","Zutatenverzeichnis: Stärke, 11% gehackte MANDELN, natürliches Bourbon-Vanille Aroma, Salz, natürliches Aroma (enthält MANDELN), Farbstoff Carotin",95,401,"1,8","0,8",16,11,"3,1","0,15",https://www.edeka24.de/Lebensmittel/Backen-Desserts/Pudding-Dessert/Dr-Oetker-Gala-feiner-Vanille-Mandel-Pudding-2ST-80G.html,https://www.edeka24.de/out/pictures/generated/product/1/540_540_90/oegala_vanman2er_f1l_80g.jpg
820,Lebensmittel,Backen & Desserts,Pudding-Dessert,Dr.Oetker Gala Puddingpulver Echt Karamel 3ST 123G,"1,59 €","12,93 €/kg","inkl. MwSt., zzgl. 4.95 € Versandkosten.",lieferbar innerhalb von 2-5 Werktagen,2023-05-02 23:33:57.703516,-,,"Verantwortliches Lebensmittelunternehmen:
Dr. August Oetker Nahrungsmittel KG, Lutterstraße 14, D-33617 Bielefeld","Zutatenverzeichnis: Stärke, 4,6% Karamellzuckersirup, Aroma, Kaffee-Extrakt, Salz",103,437,"1,3","0,8",20,14,"2,8","0,18",https://www.edeka24.de/Lebensmittel/Backen-Desserts/Pudding-Dessert/Dr-Oetker-Gala-Puddingpulver-Echt-Karamel-3ST-123G.html,https://www.edeka24.de/out/pictures/generated/product/1/540_540_90/droetker_gala_puddingpulver_echt_karamel_3x_41_g.jpg
821,Lebensmittel,Backen & Desserts,Pudding-Dessert,Dr.Oetker Mousse au Chocolat Feinherb 86G,"2,19 €","25,47 €/kg","inkl. MwSt., zzgl. 4.95 € Versandkosten.",lieferbar innerhalb von 2-5 Werktagen,2023-05-02 23:34:00.927893,Cremepulver für eine Mousse au Chocolat feinherb,,"Verantwortliches Lebensmittelunternehmen:
Dr. August Oetker Nahrungsmittel KG, Lutterstraße 14, D-33617 Bielefeld","Zutatenverzeichnis: Zucker, 31% fettarmes Kakaopulver, Glukosesirup, Palmfett, Gelatine, modifizierte Stärke, Emulgatoren (E 472a, E 471), Karamellzuckersirup, MILCHEIWEISS, Geliermittel Carrageen, Maltodextrin, Salz, Kaffee-Extrakt, Aroma",587,140,"4,4","3,1",18,14,"5,8","0,41",https://www.edeka24.de/Lebensmittel/Backen-Desserts/Pudding-Dessert/Dr-Oetker-Mousse-au-Chocolat-Feinherb-86G.html,https://www.edeka24.de/out/pictures/generated/product/1/540_540_90/oetkermouseofchoclatefeinherb.jpg
822,Lebensmittel,Backen & Desserts,Pudding-Dessert,Dr.Oetker Seelenwärmer Gourmet Cremepudding feinherbe Schokolade 87G,"1,39 €","15,98 €/kg","inkl. MwSt., zzgl. 4.95 € Versandkosten.",lieferbar innerhalb von 2-5 Werktagen,2023-05-02 23:34:04.458585,Cremepudding-Pulver feinherbe Schokolade für 300ml Milch,,"Verantwortliches Lebensmittelunternehmen:
Dr. August Oetker Nahrungsmittel KG, Lutterstraße 14, D-33617 Bielefeld","Zutatenverzeichnis: 35% Schokolade (Kakaomasse, Zucker, Kakaobutter, Emulgator (Lecithine)), Zucker, modifizierte Stärke, Maltodextrin, 10% fettarmes Kakaopulver. Kann enthalten: MILCH, HASELNÜSSE.",550,131,"3,7","2,3",20,13,"3,6","0,11",https://www.edeka24.de/Lebensmittel/Backen-Desserts/Pudding-Dessert/Dr-Oetker-Seelenwaermer-Gourmet-Cremepudding-feinherbe-Schokolade-87G.html,https://www.edeka24.de/out/pictures/generated/product/1/540_540_90/droetker_seelenwamp228rmer_gourmet_feinherbe_schokolade_famp252r_300ml_87g.jpg
823,Lebensmittel,Backen & Desserts,Pudding-Dessert,Dr.Oetker Seelenwärmer Tassen-Cremepudding Karamell 58G,"1,19 €","20,52 €/kg","inkl. MwSt., zzgl. 4.95 € Versandkosten.",lieferbar innerhalb von 2-5 Werktagen,2023-05-02 23:34:08.279586,Crmepudding-Pulver Karamell - fein gesalzen für 150ml kochendes Wasser,,"Verantwortliches Lebensmittelunternehmen:
DR. AUGUST OETKER NAHRUNGSMITTEL KG, 33547 Bielefeld","Zutatenverzeichnis: VOLLMILCHPULVER, Zucker, modifizierte Stärke, Maltodextrin, 1,6% Karamellzuckersirup, Aroma, Salz.",116,488,"2,7","1,7",20,10,"2,5","0,24",https://www.edeka24.de/Lebensmittel/Backen-Desserts/Pudding-Dessert/Dr-Oetker-Seelenwaermer-Tassen-Cremepudding-Karamell-58G.html,https://www.edeka24.de/out/pictures/generated/product/1/540_540_90/droetker_seelenwrmer_tassencremepudding_karamell_58g.jpg
824,Lebensmittel,Backen & Desserts,Pudding-Dessert,Dr.Oetker Gala Puddingpulver Schokolade 3ST 150G,"1,59 €","10,60 €/kg","inkl. MwSt., zzgl. 4.95 € Versandkosten.",lieferbar innerhalb von 2-5 Werktagen,2023-05-02 23:34:11.836902,-,,"Verantwortliches Lebensmittelunternehmen:
Dr. August Oetker Nahrungsmittel KG, Lutterstraße 14, D-33617 Bielefeld","Zutatenverzeichnis: Stärke, 26% fettarmes Kakaopulver, 9,0% Schokolade (Zucker, Kakaomasse, Kakaobutter, Emulgator (Lecithine), Aroma Vanillin), Geliermittel (Carrageen), Zucker, Salz, Aroma Vanillin, Stabilisator (Dinatriumphosphat), Kann Spuren von HASELNÜSSEN und MILCHBESTANDTEILEN enthalten",431,102,"1,8",1,18,13,"3,4","0,21",https://www.edeka24.de/Lebensmittel/Backen-Desserts/Pudding-Dessert/Dr-Oetker-Gala-Puddingpulver-Schokolade-3ST-150G.html,https://www.edeka24.de/out/pictures/generated/product/1/540_540_90/droetker_gala_puddingpulver_schokolade_3x_50_g.jpg
825,Lebensmittel,Backen & Desserts,Pudding-Dessert,Dr.Oetker Seelenwärmer Gourmet Cremepudding Bourbon-Vanille 55G,"1,39 €","25,27 €/kg","inkl. MwSt., zzgl. 4.95 € Versandkosten.",lieferbar innerhalb von 2-5 Werktagen,2023-05-02 23:34:14.958412,Cremepudding-Pulver Bourbon-Vanille für 300ml Milch,,"Verantwortliches Lebensmittelunternehmen:
Dr. August Oetker Nahrungsmittel KG, Lutterstraße 14, D-33617 Bielefeld","Zutatenverzeichnis: Zucker, modifizierte Stärke, Maltodextrin, natürliches Bourbon-Vanille-Aroma, Salz, Farbstoff (Carotin), natürliches Aroma (enthält MILCH), gemahlene Bourbon-Vanilleschoten.",98,417,"1,4","0,8",19,10,"2,8","0,17",https://www.edeka24.de/Lebensmittel/Backen-Desserts/Pudding-Dessert/Dr-Oetker-Seelenwaermer-Gourmet-Cremepudding-Bourbon-Vanille-55G.html,https://www.edeka24.de/out/pictures/generated/product/1/540_540_90/droetker_seelenwamp228rmer_gourmet_bourbonvanille_famp252r_330ml_55g.jpg
826,Lebensmittel,Backen & Desserts,Zucker & Zuckerersatz,Südzucker Feinster Rübenzucker lose 1KG,"1,99 €","1,99 €/kg","inkl. MwSt., zzgl. 4.95 € Versandkosten.",lieferbar innerhalb von 2-5 Werktagen,2023-05-02 23:34:18.614678,-,,"Verantwortliches Lebensmittelunternehmen:
Südzucker AG, Maximilianstr.10, D-68165 Mannheim",Zutatenverzeichnis: 100% Zucker.,1700,400,0,0,100,100,0,0,https://www.edeka24.de/Lebensmittel/Backen-Desserts/Zucker-Zuckerersatz/Suedzucker-Feinster-Ruebenzucker-lose-1KG.html,https://www.edeka24.de/out/pictures/generated/product/1/540_540_90/sdzucker_fein_zucker_lose_1kg.jpg
827,Lebensmittel,Backen & Desserts,Zucker & Zuckerersatz,Südzucker Würfelzucker 1KG,"1,79 €","1,79 €/kg","inkl. MwSt., zzgl. 4.95 € Versandkosten.",lieferbar innerhalb von 2-5 Werktagen,2023-05-02 23:34:22.388391,-,Hinweis zur Aufbewahrung: Vor Feuchtigkeit und Wärme schützen,"Verantwortliches Lebensmittelunternehmen:
Südzucker AG, Maximilianstr.10 68165 Mannheim",Zutatenverzeichnis: 100% Zucker,1700,400,0,0,100,100,0,0,https://www.edeka24.de/Lebensmittel/Backen-Desserts/Zucker-Zuckerersatz/Suedzucker-Wuerfelzucker-1KG.html,https://www.edeka24.de/out/pictures/generated/product/1/540_540_90/sdzucker_wrfelzucker_vorratspackung_1_kg.jpg
828,Lebensmittel,Backen & Desserts,Zucker & Zuckerersatz,Südzucker Feinster Back Zucker 1KG,"2,49 €","2,49 €/kg","inkl. MwSt., zzgl. 4.95 € Versandkosten.",lieferbar innerhalb von 2-5 Werktagen,2023-05-02 23:34:26.507360,-,,"Verantwortliches Lebensmittelunternehmen:
Südzucker AG, Maximilianstr.10, D-68165 Mannheim",Zutatenverzeichnis: 100% Zucker.,400,1700,0,0,100,100,0,0,https://www.edeka24.de/Lebensmittel/Backen-Desserts/Zucker-Zuckerersatz/Suedzucker-Feinster-Back-Zucker-1KG.html,https://www.edeka24.de/out/pictures/generated/product/1/540_540_90/sdzucker_feinster_back_zucker_1_kg.jpg
829,Lebensmittel,Backen & Desserts,Zucker & Zuckerersatz,Südzucker Puderzucker 250G,"0,89 €","3,56 €/kg","inkl. MwSt., zzgl. 4.95 € Versandkosten.",lieferbar innerhalb von 2-5 Werktagen,2023-05-02 23:34:29.866992,-,Hinweis zur Aufbewahrung: Vor Feuchtigkeit und Wärme schützen.,"Verantwortliches Lebensmittelunternehmen:
Südzucker AG, Maximilianstr. 10, D-68165 Mannheim",Zutatenverzeichnis: 100% Zucker,400,1700,0,0,100,100,0,0,https://www.edeka24.de/Lebensmittel/Backen-Desserts/Zucker-Zuckerersatz/Suedzucker-Puderzucker-250G.html,https://www.edeka24.de/out/pictures/generated/product/1/540_540_90/sdzucker_puderzucker_250_g.jpg
830,Lebensmittel,Backen & Desserts,Zucker & Zuckerersatz,Alnatura Bio Rohrohr Zucker 1KG,"2,99 €","2,99 €/kg","inkl. MwSt., zzgl. 4.95 € Versandkosten.",lieferbar innerhalb von 2-5 Werktagen,2023-05-02 23:34:32.878480,-,Hinweis zur Aufbewahrung: Bitte trocken und gut verschlossen lagern.,"Verantwortliches Lebensmittelunternehmen:
Alnatura GmbH, Darmstädter Str. 63, 64404 Bickenbach",,1649,388,"0,5","0,1",97,97,"0,5","0,01",https://www.edeka24.de/Lebensmittel/Backen-Desserts/Zucker-Zuckerersatz/Alnatura-Bio-Rohrohr-Zucker-1KG.html,https://www.edeka24.de/out/pictures/generated/product/1/540_540_90/alnatura_bio_rohrohr_zucker_1_kg.jpg
831,Lebensmittel,Backen & Desserts,Zucker & Zuckerersatz,Alnatura Bio Agavendicksaft 250ML,"2,49 €","9,96 €/l","inkl. MwSt., zzgl. 4.95 € Versandkosten.",lieferbar innerhalb von 2-5 Werktagen,2023-05-02 23:34:36.264670,-,,"Verantwortliches Lebensmittelunternehmen:
Alnatura Produktions- und Handels GmbH, Mahatma-Gandhi-Str. 7, 64295 Darmstadt",,1275,300,"0,1","0,1",75,75,"0,1","0,1",https://www.edeka24.de/Lebensmittel/Backen-Desserts/Zucker-Zuckerersatz/Alnatura-Bio-Agavendicksaft-250ML.html,https://www.edeka24.de/out/pictures/generated/product/1/540_540_90/alnatura_bio_agavendicksaft.jpg
832,Lebensmittel,Backen & Desserts,Zucker & Zuckerersatz,Natreen Tafelsüße classic 500ST 32G,"2,69 €","84,06 €/kg","inkl. MwSt., zzgl. 4.95 € Versandkosten.",lieferbar innerhalb von 2-5 Werktagen,2023-05-02 23:34:39.845162,"Tafelsüße auf der Grundlage von cyclamat, Saccharin und Sucralose",,"Verantwortliches Lebensmittelunternehmen:
Jacobs Douwe Egberts, Oosterdoksstraat 80, 1011 DK Amsterdam","Zutatenverzeichnis: Süßungsmittel (Natriumcyclamat, Natriumsaccharin, Sucralose), Säureregulatoren (Natriumhydrogencarbonat, Natriumcitrat), Maltodextrin.",106,25,0,0,1,0,0,35,https://www.edeka24.de/Lebensmittel/Backen-Desserts/Zucker-Zuckerersatz/Natreen-Tafelsuesse-classic-500ST-32G.html,https://www.edeka24.de/out/pictures/generated/product/1/540_540_90/natreen_tafelsamp252amp223e_tabletten_classic_500st_32g.jpg
833,Lebensmittel,Backen & Desserts,Zucker & Zuckerersatz,Südzucker Gelierzucker 2 plus 1 500G,"1,49 €","2,98 €/kg","inkl. MwSt., zzgl. 4.95 € Versandkosten.",lieferbar innerhalb von 2-5 Werktagen,2023-05-02 23:34:44.003724,-,,"Verantwortliches Lebensmittelunternehmen:
Südzucker AG, Maximilianstr.10 68165 Mannheim","Zutatenverzeichnis: Zucker, Geliermittel Pektine, Säuerungsmittel Citronensäure, Konservierungsstoff Sorbinsäure",1666,392,0,g,98,98,g,"0,02",https://www.edeka24.de/Lebensmittel/Backen-Desserts/Zucker-Zuckerersatz/Suedzucker-Gelierzucker-2-plus-1-500G.html,https://www.edeka24.de/out/pictures/generated/product/1/540_540_90/sdzucker_gelierzucker_21.jpg
834,Lebensmittel,Backen & Desserts,Zucker & Zuckerersatz,Edelweiss Milchzucker 500G,"2,99 €","5,98 €/kg","inkl. MwSt., zzgl. 4.95 € Versandkosten.",lieferbar innerhalb von 2-5 Werktagen,2023-05-02 23:34:48.318191,"Edelweiss® Milchzucker ist bei Jung und Alt beliebt und auch für die Ernährung in der Schwangerschaft und von Kindern geeignet. Er ist leicht in Getränke und Speisen einzurühren und vielseitig vom Frühstück bis zum Abendbrot zu verwenden. Am besten wird Edelweiss® Milchzucker ins Frühstücksgetränk, z.B. Kaffee, Tee, Fruchtsaft oder Milch und Quarkspeisen gerührt.
  Die Süßkraft von Edelweiss® Milchzucker ist deutlich geringer als die von herkömmlichem Haushaltszucker.
  Ein Edelweiss® Milchzucker Rezept basiert auf 1 gestrichenen Esslöffel (EL) pro Mahlzeit. Erwachsene verzehren bis zu 4 EL am Tag, Klein- und Schulkinder 1 – 2 gestrichene Esslöffel.
  Edelweiss® Milchzucker ist glutenfrei.",Hinweis zur Aufbewahrung: Vor Wärme geschützt und trocken lagern.,"Verantwortliches Lebensmittelunternehmen:
Peter Kölln KGaA, D-25333 Elmshorn",,1615,380,0,0,95,95,0,0,https://www.edeka24.de/Lebensmittel/Backen-Desserts/Zucker-Zuckerersatz/Edelweiss-Milchzucker-500G.html,https://www.edeka24.de/out/pictures/generated/product/1/540_540_90/edelweiss_milchzucker.jpg
835,Lebensmittel,Backen & Desserts,Zucker & Zuckerersatz,Südzucker Zucker Sticks 50ST 250G,"2,69 €","10,76 €/kg","inkl. MwSt., zzgl. 4.95 € Versandkosten.",lieferbar innerhalb von 2-5 Werktagen,2023-05-02 23:34:51.803203,-,,"Verantwortliches Lebensmittelunternehmen:
Südzucker AG, Maximilianstr. 10, D-68165 Mannheim",Zutatenverzeichnis: 100% Zucker,400,1700,0,0,100,100,0,0,https://www.edeka24.de/Lebensmittel/Backen-Desserts/Zucker-Zuckerersatz/Suedzucker-Zucker-Sticks-50ST-250G.html,https://www.edeka24.de/out/pictures/generated/product/1/540_540_90/sdzucker_zucker_sticks_50x_5_g.jpg
837,Lebensmittel,Backen & Desserts,Zucker & Zuckerersatz,Südzucker Brauner Würfel-Rohrzucker Fairtrade 500G,"2,69 €","5,38 €/kg","inkl. MwSt., zzgl. 4.95 € Versandkosten.",lieferbar innerhalb von 2-5 Werktagen,2023-05-02 23:34:59.179415,-,,"Verantwortliches Lebensmittelunternehmen:
Südzucker AG, Maximilianstraße 10 68165 Mannheim",Zutatenverzeichnis: 100 % Rohrzucker,1683,396,0,0,99,99,0,0,https://www.edeka24.de/Lebensmittel/Backen-Desserts/Zucker-Zuckerersatz/Suedzucker-Brauner-Wuerfel-Rohrzucker-Fairtrade-500G.html,https://www.edeka24.de/out/pictures/generated/product/1/540_540_90/sdzucker_demerara_wrfelrohrzucker.jpg
838,Lebensmittel,Backen & Desserts,Zucker & Zuckerersatz,BFF Stevia - Kristalline Streusüße 300G,"5,79 €","19,30 €/kg","inkl. MwSt., zzgl. 4.95 € Versandkosten.",lieferbar innerhalb von 2-5 Werktagen,2023-05-02 23:35:02.496029,Tafelsüße auf der Grundlage von Erythrit und Styviolglycosiden,Hinweis zur Aufbewahrung: Bitte trocken und kühl lagern.,"Verantwortliches Lebensmittelunternehmen:
borchers fine food GmbH & Co. KG, Rosa-Luxemburg-Str. 3, 28876 Oyten","Zutatenverzeichnis: Süßungsmittel: Erythrit (E 968), 0,25% Steviolglycoside (E 960).",0,0,0,0,100,0,0,0,https://www.edeka24.de/Lebensmittel/Backen-Desserts/Zucker-Zuckerersatz/BFF-Stevia-Kristalline-Streusuesse-300G.html,https://www.edeka24.de/out/pictures/generated/product/1/540_540_90/bff_stevia_kristalline_streuse_300_g.jpg
839,Lebensmittel,Backen & Desserts,Zucker & Zuckerersatz,Südzucker Fairtrade Rohrzucker Sticks 250G,"2,69 €","10,76 €/kg","inkl. MwSt., zzgl. 4.95 € Versandkosten.",lieferbar innerhalb von 2-5 Werktagen,2023-05-02 23:35:06.268699,-,,"Verantwortliches Lebensmittelunternehmen:
Südzucker AG, Maximilianstr. 10, D-68165 Mannheim",Zutatenverzeichnis: 100% Zucker,1683,396,0,0,99,99,0,0,https://www.edeka24.de/Lebensmittel/Backen-Desserts/Zucker-Zuckerersatz/Suedzucker-Fairtrade-Rohrzucker-Sticks-250G.html,https://www.edeka24.de/out/pictures/generated/product/1/540_540_90/sdzucker_fairtrade_rohrzucker_sticks.jpg
840,Lebensmittel,Backen & Desserts,Zucker & Zuckerersatz,Südzucker Hagel-Zucker 250G,"1,49 €","5,96 €/kg","inkl. MwSt., zzgl. 4.95 € Versandkosten.",lieferbar innerhalb von 2-5 Werktagen,2023-05-02 23:35:11.065522,-,Hinweis zur Aufbewahrung: Vor Feuchtigkeit und Wärme schützen.,"Verantwortliches Lebensmittelunternehmen:
Südzucker AG, Maximilianstr. 10, 68165 Mannheim",,400,1700,0,0,100,100,0,0,https://www.edeka24.de/Lebensmittel/Backen-Desserts/Zucker-Zuckerersatz/Suedzucker-Hagel-Zucker-250G.html,https://www.edeka24.de/out/pictures/generated/product/1/540_540_90/sdzucker_hagelzucker.jpg
841,Lebensmittel,Backen & Desserts,Zucker & Zuckerersatz,EDEKA Bio Rohrohrzucker 500G,"2,19 €","4,38 €/kg","inkl. MwSt., zzgl. 4.95 € Versandkosten.",lieferbar innerhalb von 2-5 Werktagen,2023-05-02 23:35:17.797154,Rohrohrzucker,Hinweis zur Aufbewahrung: Vor Wärme geschützt und trocken lagern.,"Verantwortliches Lebensmittelunternehmen:
EDEKA ZENTRALE Stiftung & Co. KG, D-22291 Hamburg",,1700,400,0,0,100,100,0,0,https://www.edeka24.de/Lebensmittel/Backen-Desserts/Zucker-Zuckerersatz/EDEKA-Bio-Rohrohrzucker-500G.html,https://www.edeka24.de/out/pictures/generated/product/1/540_540_90/bio_edeka_rohrohrzucker_500g.jpg
842,Lebensmittel,Backen & Desserts,Zucker & Zuckerersatz,Borchers Vanillin Birkenzucker Xylit 65G,"3,49 €","53,69 €/kg","inkl. MwSt., zzgl. 4.95 € Versandkosten.",lieferbar innerhalb von 2-5 Werktagen,2023-05-02 23:35:20.950023,Tafelsüße auf der Grundlage von Xylit,"Hinweis zur Aufbewahrung: Bitte vor Wärme geschützt und trocken lagern. Nicht an Tiere, v.a. Hunde verfüttern.","Verantwortliches Lebensmittelunternehmen:
borchers fine food GmbH & Co.KG, Rosa-Luxemburg-Str.3, 28876 Oyten",Zutatenverzeichnis: Süßungsmittel: Xylit. Aroma Vanillin.,240,1000,0,0,100,0,0,0,https://www.edeka24.de/Lebensmittel/Backen-Desserts/Zucker-Zuckerersatz/Borchers-Vanillin-Birkenzucker-Xylit-65G.html,https://www.edeka24.de/out/pictures/generated/product/1/540_540_90/borchersvanilinxylit.jpg
843,Lebensmittel,Backen & Desserts,Zucker & Zuckerersatz,Dextro Energy Dextropur plus Traubenzucker Glucose 400G,"2,79 €","6,98 €/kg","inkl. MwSt., zzgl. 4.95 € Versandkosten.",lieferbar innerhalb von 2-5 Werktagen,2023-05-02 23:35:24.569607,Energiespendendes Dextrose-Pulver (kristallwasserhaltig) mit 10 Vitaminen.,,"Verantwortliches Lebensmittelunternehmen:
Dextro Energy GmbH & Co. KG, Otto Hahn Str. 4, D-40670 Meerbusch","Zutatenverzeichnis: Dextrose, Vitamin B1, Vitamin B2, Vitamin B6, Vitamin B12, Vitamin C, Vitamin E, Niacin, Biotion, Folsäure, Pantothensäure.",365,1551,0,0,91,91,0,0,https://www.edeka24.de/Lebensmittel/Backen-Desserts/Zucker-Zuckerersatz/Dextro-Energy-Dextropur-plus-Traubenzucker-Glucose-400G.html,https://www.edeka24.de/out/pictures/generated/product/1/540_540_90/dextro_energy_dextropur_plus_traubenzucker_glucose(1).jpg
844,Lebensmittel,Backen & Desserts,Zucker & Zuckerersatz,Südzucker Krümel Kandis 500G,"2,89 €","5,78 €/kg","inkl. MwSt., zzgl. 4.95 € Versandkosten.",lieferbar innerhalb von 2-5 Werktagen,2023-05-02 23:35:29.183699,-,Hinweis zur Aufbewahrung: Vor Feuchtigkeit und Wärme geschützt lagern.,"Verantwortliches Lebensmittelunternehmen:
Südzucker AG, Maximilianstraße 10 68165 Mannheim",Zutatenverzeichnis: 100% Zucker,1683,396,0,0,99,99,0,0,https://www.edeka24.de/Lebensmittel/Backen-Desserts/Zucker-Zuckerersatz/Suedzucker-Kruemel-Kandis-500G.html,https://www.edeka24.de/out/pictures/generated/product/1/540_540_90/sdzucker_krmel_kandis.jpg
845,Lebensmittel,Backen & Desserts,Zucker & Zuckerersatz,Alnatura Bio Puderzucker 200G,"1,89 €","9,45 €/kg","inkl. MwSt., zzgl. 4.95 € Versandkosten.",lieferbar innerhalb von 2-5 Werktagen,2023-05-02 23:35:32.998351,Bio Puderzucker,Hinweis zur Aufbewahrung: Bitte trocken lagern und vor Wärme schützen.,"Verantwortliches Lebensmittelunternehmen:
Alnatura GmbH, Darmstädter Str. 63, 64404 Bickenbach",Zutatenverzeichnis: Rohrzucker* *aus biologischer Landwirtschaft.,1649,388,0,0,97,97,0,"0,01",https://www.edeka24.de/Lebensmittel/Backen-Desserts/Zucker-Zuckerersatz/Alnatura-Bio-Puderzucker-200G.html,https://www.edeka24.de/out/pictures/generated/product/1/540_540_90/alnatura_bio_puderzucker.jpg
846,Lebensmittel,Backen & Desserts,Zucker & Zuckerersatz,BFF Stevia Flüssigsüße 125ML,"3,29 €","26,32 €/l","inkl. MwSt., zzgl. 4.95 € Versandkosten.",lieferbar innerhalb von 2-5 Werktagen,2023-05-02 23:35:36.623325,Flüssigtafelsüße auf der Grundlage von Steviolglycosiden mit Zucker und Süßungsmittel,Hinweis zur Aufbewahrung: Bitte trocken und kühl lagern.,"Verantwortliches Lebensmittelunternehmen:
borchers fine food GmbH & Co. KG, Rosa-Luxemburg-Str. 3, D-28876 Oyten","Zutatenverzeichnis: Wasser, Süßungsmittel: 5% Steviolglycoside (E960), Fructose, Säurungsmittel: Citronensäure (E330), Konservierungsstoff: Kaliumsorbat (E202).",26,6,0,0,"1,5","1,5",0,0,https://www.edeka24.de/Lebensmittel/Backen-Desserts/Zucker-Zuckerersatz/BFF-Stevia-Fluessigsuesse-125ML.html,https://www.edeka24.de/out/pictures/generated/product/1/540_540_90/bff_stevia_flssigse_125_ml.jpg
847,Lebensmittel,Backen & Desserts,Zucker & Zuckerersatz,RUF Bourbon Vanille-Zucker 24G,"1,39 €","57,92 €/kg","inkl. MwSt., zzgl. 4.95 € Versandkosten.",lieferbar innerhalb von 2-5 Werktagen,2023-05-02 23:35:40.997277,-,,"Verantwortliches Lebensmittelunternehmen:
Ruf Lebensmittelwerk KG, D-49610 Quakenbrück","Zutatenverzeichnis: Zucker, gemahlene Vanilleschoten, Stärke, Bourbon-Vanille Extrakt.",1683,396,"0,5","0,1",98,97,"0,5","0,01",https://www.edeka24.de/Lebensmittel/Backen-Desserts/Zucker-Zuckerersatz/RUF-Bourbon-Vanille-Zucker-24G.html,https://www.edeka24.de/out/pictures/generated/product/1/540_540_90/ruf_bourbon_vanillezucker_24g.jpg
848,Lebensmittel,Backen & Desserts,Zucker & Zuckerersatz,Südzucker Brauner Zucker 500G,"2,19 €","4,38 €/kg","inkl. MwSt., zzgl. 4.95 € Versandkosten.",lieferbar innerhalb von 2-5 Werktagen,2023-05-02 23:35:44.580478,-,Hinweis zur Aufbewahrung: Vor Feuchtigkeit und Wärme schützen.,"Verantwortliches Lebensmittelunternehmen:
Südzucker AG, Maximilianstr.10 68165 Mannheim","Zutatenverzeichnis: Zucker, Zuckerrohrsirup",1683,396,0,0,99,99,0,"0,05",https://www.edeka24.de/Lebensmittel/Backen-Desserts/Zucker-Zuckerersatz/Suedzucker-Brauner-Zucker-500G.html,https://www.edeka24.de/out/pictures/generated/product/1/540_540_90/suedzucker_brauner_zucker500g.jpg
850,Lebensmittel,Backen & Desserts,Zucker & Zuckerersatz,Südzucker Puderzucker Mühle 250G,"2,19 €","8,76 €/kg","inkl. MwSt., zzgl. 4.95 € Versandkosten.",lieferbar innerhalb von 2-5 Werktagen,2023-05-02 23:35:51.261535,-,,"Verantwortliches Lebensmittelunternehmen:
Südzucker AG, Maximilianstr.10 68165 Mannheim",Zutatenverzeichnis: 100% Zucker,400,1700,0,0,100,100,0,0,https://www.edeka24.de/Lebensmittel/Backen-Desserts/Zucker-Zuckerersatz/Suedzucker-Puderzucker-Muehle-250G.html,https://www.edeka24.de/out/pictures/generated/product/1/540_540_90/puderzuckermuehle_240_p1.jpg
851,Lebensmittel,Backen & Desserts,Zucker & Zuckerersatz,Südzucker Glückszucker 500G,"2,19 €","4,38 €/kg","inkl. MwSt., zzgl. 4.95 € Versandkosten.",lieferbar innerhalb von 2-5 Werktagen,2023-05-02 23:35:54.436031,-,,"Verantwortliches Lebensmittelunternehmen:
Südzucker AG, DE-68028 Mannheim",,1700,400,0,0,100,100,0,0,https://www.edeka24.de/Lebensmittel/Backen-Desserts/Zucker-Zuckerersatz/Suedzucker-Glueckszucker-500G.html,https://www.edeka24.de/out/pictures/generated/product/1/540_540_90/sdzucker_glckszucker_500g.jpg
852,Lebensmittel,Backen & Desserts,Zucker & Zuckerersatz,Südzucker Gelierzucker 3 plus 1 500G,"1,99 €","3,98 €/kg","inkl. MwSt., zzgl. 4.95 € Versandkosten.",lieferbar innerhalb von 2-5 Werktagen,2023-05-02 23:35:58.555774,Gelierzucker,Hinweis zur Aufbewahrung: Vor Feuchtigkeit und Wärme schützen.,"Verantwortliches Lebensmittelunternehmen:
Südzucker AG, Maximilianstr.10 68165 Mannheim","Zutatenverzeichnis: Zucker, Geliermittel Pektine, Säuerungsmittel Citronensäure, Konservierungsstoff Sorbinsäure.",1649,388,0,0,97,97,0,"0,05",https://www.edeka24.de/Lebensmittel/Backen-Desserts/Zucker-Zuckerersatz/Suedzucker-Gelierzucker-3-plus-1-500G.html,https://www.edeka24.de/out/pictures/generated/product/1/540_540_90/suedzucker_gelierzuck31_500g.jpg
853,Lebensmittel,Backen & Desserts,Zucker & Zuckerersatz,BFF Stevia Süßesticks 80G,"2,79 €","34,88 €/kg","inkl. MwSt., zzgl. 4.95 € Versandkosten.",lieferbar innerhalb von 2-5 Werktagen,2023-05-02 23:36:02.729194,Tafelsüße auf der Grundlage von Erithrit und Steviolglycosiden,Hinweis zur Aufbewahrung: Bitte trocken und kühl lagern,"Verantwortliches Lebensmittelunternehmen:
borchers fine food GmbH & Co. KG, Rosa-Luxemburg-Str. 3, 28876 Oyten","Zutatenverzeichnis: Süßungsmittel: Erythrit (E968), 0,6% Steviolglycoside (E960).",0,0,0,0,99,0,0,0,https://www.edeka24.de/Lebensmittel/Backen-Desserts/Zucker-Zuckerersatz/BFF-Stevia-Suessesticks-80G.html,https://www.edeka24.de/out/pictures/generated/product/1/540_540_90/bff_stevia_sesticks.jpg
854,Lebensmittel,Backen & Desserts,Zucker & Zuckerersatz,BFF Stevia Süßstofftabletten 120ST,"1,89 €","0,02 €/st","inkl. MwSt., zzgl. 4.95 € Versandkosten.",lieferbar innerhalb von 2-5 Werktagen,2023-05-02 23:36:07.293002,Tafelsüße auf der Grundlage von Steviolglycosiden,Hinweis zur Aufbewahrung: Bitte trocken und kühl lagern.,"Verantwortliches Lebensmittelunternehmen:
borchers fine food GmbH & Co. KG, Rosa-Luxemburg-Str. 3, D-28876 Oyten","Zutatenverzeichnis: Dextrose, Süßungsmittel: Steviolglycoside (E960), vernetzte Carboymethylcellulose (E468), natürliches Vanillearoma, Trennmittel: Magnesiumsalze der Speisefettsäuren (E470b).",1173,276,"0,2","0,2",65,62,"2,6","0,5",https://www.edeka24.de/Lebensmittel/Backen-Desserts/Zucker-Zuckerersatz/BFF-Stevia-Suessstofftabletten-120ST.html,https://www.edeka24.de/out/pictures/generated/product/1/540_540_90/bff_stevia_sstofftabletten_120st.jpg
855,Lebensmittel,Backen & Desserts,Zucker & Zuckerersatz,Alnatura Bio Kokosblütenzucker 250G,"3,79 €","15,16 €/kg","inkl. MwSt., zzgl. 4.95 € Versandkosten.",lieferbar innerhalb von 2-5 Werktagen,2023-05-02 23:36:11.350912,-,Hinweis zur Aufbewahrung: Bitte trocken und gut verschlossen lagern.,"Verantwortliches Lebensmittelunternehmen:
Alnatura Produktions- und Handels GmbH, Mahatma-Gandhi-Str. 7, 64295 Darmstadt",,1628,383,"0,5","0,1",94,90,"0,8","0,28",https://www.edeka24.de/Lebensmittel/Backen-Desserts/Zucker-Zuckerersatz/Alnatura-Bio-Kokosbluetenzucker-250G.html,https://www.edeka24.de/out/pictures/generated/product/1/540_540_90/bio_alnatura_kokosblamp252tenzucker_250g.jpg
856,Lebensmittel,Backen & Desserts,Zucker & Zuckerersatz,Südzucker Kluntje Kandis 1KG,"4,29 €","4,29 €/kg","inkl. MwSt., zzgl. 4.95 € Versandkosten.",lieferbar innerhalb von 2-5 Werktagen,2023-05-02 23:36:14.971710,-,,"Verantwortliches Lebensmittelunternehmen:
Südzucker AG, Maximilianstraße 10 68165 Mannheim",Zutatenverzeichnis: 100% Zucker.,1700,400,0,0,100,100,0,0,https://www.edeka24.de/Lebensmittel/Backen-Desserts/Zucker-Zuckerersatz/Suedzucker-Kluntje-Kandis-1KG.html,https://www.edeka24.de/out/pictures/generated/product/1/540_540_90/samp252dzucker_kluntje_kandis_1kg.jpg
857,Lebensmittel,Backen & Desserts,Zucker & Zuckerersatz,Südzucker Brauner Kandis 500G,"2,89 €","5,78 €/kg","inkl. MwSt., zzgl. 4.95 € Versandkosten.",lieferbar innerhalb von 2-5 Werktagen,2023-05-02 23:36:18.496124,-,,"Verantwortliches Lebensmittelunternehmen:
Südzucker AG, Maximilianstr.10, D-68165 Mannheim",Zutatenverzeichnis: 100% Zucker.,1683,396,0,0,99,99,0,0,https://www.edeka24.de/Lebensmittel/Backen-Desserts/Zucker-Zuckerersatz/Suedzucker-Brauner-Kandis-500G.html,https://www.edeka24.de/out/pictures/generated/product/1/540_540_90/sdzucker_brauner_kandis_500_g.jpg
858,Lebensmittel,Backen & Desserts,Zucker & Zuckerersatz,BFF Stevia Tabletten Nachfüll-Packung 3x 120 Stück,"4,99 €","0,01 €/st","inkl. MwSt., zzgl. 4.95 € Versandkosten.",lieferbar innerhalb von 2-5 Werktagen,2023-05-02 23:36:22.042408,Tafelsüße auf der Grundlage von Steviolglycosiden.,Hinweis zur Aufbewahrung: Trocken und kühl lagern.,"Verantwortliches Lebensmittelunternehmen:
borchers fine food GmbH & Co. KG, Rosa-Luxemburg-Str. 3, D-28876 Oyten","Zutatenverzeichnis: LAKTOSE (MILCHZUCKER), Süßungsmittel: Steviolglykoside, natürliche Vanillearomen, Stabilisator: E468, Trennmittel: E470b.",265,1124,0,0,65,65,"0,1","0,4",https://www.edeka24.de/Lebensmittel/Backen-Desserts/Zucker-Zuckerersatz/BFF-Stevia-Tabletten-Nachfuell-Packung-3x-120-Stueck.html,https://www.edeka24.de/out/pictures/generated/product/1/540_540_90/bff_stevia_tabletten_nachfllpackung.jpg
859,Lebensmittel,Backen & Desserts,Zucker & Zuckerersatz,Alnatura Bio Ahornsirup Grad C 375ML,"7,99 €","21,31 €/l","inkl. MwSt., zzgl. 4.95 € Versandkosten.",lieferbar innerhalb von 2-5 Werktagen,2023-05-02 23:36:24.990674,-,Hinweis zur Aufbewahrung: Nach dem Öffnen im Kühlschrank aufbewahren.,"Verantwortliches Lebensmittelunternehmen:
Alnatura Produktions- und Handels GmbH, Mahatma-Gandhi-Str. 7, 64295 Darmstadt",Zutatenverzeichnis: Ahornsirup* *aus biologischer Landwirtschaft .,1139,268,"0,5","0,1",67,58,"0,5","0,01",https://www.edeka24.de/Lebensmittel/Backen-Desserts/Zucker-Zuckerersatz/Alnatura-Bio-Ahornsirup-Grad-C-375ML.html,https://www.edeka24.de/out/pictures/generated/product/1/540_540_90/bio_alnatura_ahornsirupgrad_c_375ml.jpg
860,Lebensmittel,Backen & Desserts,Zucker & Zuckerersatz,Seeberger Rohrzucker fein unraffiniert 500G,"2,69 €","5,38 €/kg","inkl. MwSt., zzgl. 4.95 € Versandkosten.",lieferbar innerhalb von 2-5 Werktagen,2023-05-02 23:36:29.097314,"Rohrzucker fein, unraffiniert",Hinweis zur Aufbewahrung: Vor Wärme und Feuchtigkeit geschützt aufbewahren.,"Verantwortliches Lebensmittelunternehmen:
Seeberger GmbH, Hand-Lorenser-Str. 36, 89079 Ulm","Zutatenverzeichnis: Rohrzucker fein, unraffiniert.",1667,392,"0,1","0,1",98,98,"0,5","0,01",https://www.edeka24.de/Lebensmittel/Backen-Desserts/Zucker-Zuckerersatz/Seeberger-Rohrzucker-fein-unraffiniert-500G.html,https://www.edeka24.de/out/pictures/generated/product/1/540_540_90/seeberger_rohrzucker_fein_unraffiniert_500g.jpg
861,Lebensmittel,Backen & Desserts,Zucker & Zuckerersatz,BFF Stevia Streusüße 75G,"2,99 €","39,87 €/kg","inkl. MwSt., zzgl. 4.95 € Versandkosten.",lieferbar innerhalb von 2-5 Werktagen,2023-05-02 23:36:32.886698,Tafelsüße auf der Grundlage von Steviolglycosiden,Hinweis zur Aufbewahrung: Bitte trocken und kühl lagern.,,"Zutatenverzeichnis: Maltodextrin, Süßungsmittel: 3% Steviolglycoside (E960).",1615,380,0,0,95,"6,6",0,0,https://www.edeka24.de/Lebensmittel/Backen-Desserts/Zucker-Zuckerersatz/BFF-Stevia-Streusuesse-75G.html,https://www.edeka24.de/out/pictures/generated/product/1/540_540_90/bff_stevia_streuse_75_g.jpg
862,Lebensmittel,Frühstück & Snacks,Brot-Brötchen,Pema Bio Gewürz Brot nach Barbara Rütting 500G,"1,99 €","3,98 €/kg","inkl. MwSt., zzgl. 4.95 € Versandkosten.",lieferbar innerhalb von 2-5 Werktagen,2023-05-02 23:36:36.292333,Bio Roggen-Vollkornbrot,Hinweis zur Aufbewahrung: Bei Aufbewahrung der geöffneten Packung für länger als 3 Tage bitte in den Kühlschrank. Nach dem Öffnen die Packung wieder gut zufalten.,"Verantwortliches Lebensmittelunternehmen:
PEMA Vollkorn-Spezialitäten, D-95163 Weissenstadt","Zutatenverzeichnis: ROGGEN*-Vollkornschrot 37%, Natursauerteig 31% (ROGGEN*-Vollkornschrot, Wasser), Wasser, Gewürzmischung* 2% (Kümmel*, Fenchel*, Koriander*), Leinsamen*, Hefe*, Salz. Kann Spuren von WEIZEN und SÜßLUPINE enthalten. *aus kontrolliert ökologischem Anbau",762,181,"2,3","0,2",30,3,"4,6","0,95",https://www.edeka24.de/index.php?cl=details&anid=v91df29d6d1f051739dd804e7a4c2ae9&emcs0=3&emcs1=Kategorieseite%20-%20Topseller&emcs2=&emcs3=131293003,https://www.edeka24.de/out/pictures/generated/product/1/540_540_90/pema_bio_barbara_rtting_brot_bioland_500_g(1).jpg
864,Lebensmittel,Frühstück & Snacks,Brot-Brötchen,Pema Fränkisch Vollkorn 500G,"2,19 €","4,38 €/kg","inkl. MwSt., zzgl. 4.95 € Versandkosten.",lieferbar innerhalb von 2-5 Werktagen,2023-05-02 23:36:43.322167,Roggen-Vollkornbrot,Hinweis zur Aufbewahrung: Die einzelnen Scheiben bitte mit einem Messer trennen. Nach dem Öffnen die Packung wieder gut zufalten. Bei Aufbewahrung der geöffneten Verpackung für länger als 3 Tage bitte im Kühlschrank lagern.,"Verantwortliches Lebensmittelunternehmen:
PEMA Vollkorn-Spezialitäten, D-95163 Weissenstadt","Zutatenverzeichnis: ROGGEN-Vollkorn 53%, teilweise als Natursauerteig, Wasser, Salz 1%, Hefe. Kann Spuren von WEIZEN und SÜßLUPINE enthalten.",752,178,"1,2","0,1",32,"1,6","4,6",1,https://www.edeka24.de/index.php?cl=details&anid=PI2C4ckfgx0t2JmGWBzBEd-1&emcs0=3&emcs1=Kategorieseite%20-%20Topseller&emcs2=&emcs3=131294006,https://www.edeka24.de/out/pictures/generated/product/1/540_540_90/pema_frnkisch_vollkorn_500_g.jpg
865,Lebensmittel,Frühstück & Snacks,Brot-Brötchen,Mestemacher Echt westfälischer Pumpernickel 500G,"1,99 €","3,98 €/kg","inkl. MwSt., zzgl. 4.95 € Versandkosten.",lieferbar innerhalb von 2-5 Werktagen,2023-05-02 23:36:48.772245,Westfälischer Pumpernickel,Hinweis zur Aufbewahrung: Nach dem Öffnen kühl und trocken lagern.,"Verantwortliches Lebensmittelunternehmen:
Mestemacher GmbH, Am Anger 16 - 33332 Gütersloh","Zutatenverzeichnis: ROGGENVOLLKORNSCHROT(60%), Wasser, Rübensirup, Salz, MALZEXTRAKT(GERSTE), Hefe. Kann Spuren von SOJA, MILCH und SCHALENFRÜCHTEN enthalten.",763,181,1,"0,2","32,8","6,2","4,6","1,1",https://www.edeka24.de/index.php?cl=details&anid=c284d997dc4a83719.16168930&emcs0=3&emcs1=Kategorieseite%20-%20Topseller&emcs2=&emcs3=149049009,https://www.edeka24.de/out/pictures/generated/product/1/540_540_90/mestermacher-pumpernickel-500-gramm.jpg
866,Lebensmittel,Frühstück & Snacks,Brot-Brötchen,EDEKA Bio Dinkelbrot geschnitten 500G,"2,19 €","4,38 €/kg","inkl. MwSt., zzgl. 4.95 € Versandkosten.",lieferbar innerhalb von 2-5 Werktagen,2023-05-02 23:36:52.484475,-,"Hinweis zur Aufbewahrung: Nach dem Öffnen die Packung wieder gut verschließen. Bei einer Aufbewahrung der geöffneten Packung von mehr als drei Tagen, empfehlen wir die Aufbewahrung im Kühlschrank.","Verantwortliches Lebensmittelunternehmen:
EDEKA ZENTRALE Stiftung & Co. KG, D-22291 Hamburg","Zutatenverzeichnis: 51% DINKELVOLLKORNSCHROT*, Wasser, Natursauerteig* (ROGGENVOLLKORNSCHROT*, Wasser), 4% DINKELVOLLKORNQUELLMEHL*, Speisesalz, Hefe*. * aus kontrolliert ökologischer Landwirtschaft Das Produkt kann Spuren von LUPINEN enthalten.",889,211,2,"0,3",38,2,6,"0,88",https://www.edeka24.de/index.php?cl=details&anid=aef4ab5740f752862.71727339&emcs0=3&emcs1=Kategorieseite%20-%20Topseller&emcs2=&emcs3=818277001,https://www.edeka24.de/out/pictures/generated/product/1/540_540_90/edeka_bio_dinkelbrot_geschnitten.jpg
867,Lebensmittel,Frühstück & Snacks,Brot-Brötchen,EDEKA Bio Krustenbrötchen 320G,"1,99 €","6,22 €/kg","inkl. MwSt., zzgl. 4.95 € Versandkosten.",lieferbar innerhalb von 2-5 Werktagen (geringer Lagerbestand),2023-05-02 23:36:55.807520,"Weizenkleingebäck, teilgebacken",Hinweis zur Aufbewahrung: Vor Wärme geschützt und trocken lagern. Nach dem Öffnen innerhalb weniger Tage verbrauchen.,"Verantwortliches Lebensmittelunternehmen:
EDEKA ZENTRALE Stiftung & Co. KG, D-22291 Hamburg","Zutatenverzeichnis: WEIZENMEHL*, Wasser, HARTWEIZENGRIEß*, Backmittel (ROGGENMEHL*, WEIZENMEHL*, Zucker*, WEIZENMALZMEHL*, GERSTENMALZMEHL*, WEIZENSTÄRKE*, Acerola Pulver*, Maltodextrin), Sonnenblumenöl, Steinsalz 1,1%, Honig*, Hefe*, Reisgrieß*. Das Produkt kann Spuren von SOJA, MILCH, SCHALENFRÜCHTEN, SESAM und LUPINE enthalten. *aus kontrolliert ökologischer Landwirtschaft.",1185,280,"2,6","0,4",53,"4,2","9,4","1,3",https://www.edeka24.de/Lebensmittel/Fruehstueck-Snacks/Brot-Broetchen/EDEKA-Bio-Krustenbroetchen-320G.html,https://www.edeka24.de/out/pictures/generated/product/1/540_540_90/edeka_bio_krustenbrtchen_4x_80_g.jpg
868,Lebensmittel,Frühstück & Snacks,Brot-Brötchen,EDEKA Baguetterie Steinofenbaguette klassisch 250G,"1,29 €","5,16 €/kg","inkl. MwSt., zzgl. 4.95 € Versandkosten.",lieferbar innerhalb von 2-5 Werktagen,2023-05-02 23:36:59.330954,Steinofenbaguette zum Aufbacken,,"Verantwortliches Lebensmittelunternehmen:
EDEKA ZENTRALE Stiftung & Co. KG, D-22291 Hamburg","Zutatenverzeichnis: WEIZENMEHL, Wasser, Sauerteig (Wasser, WEIZENMEHL), 1,5% Meersalz, natives Olivenöl extra, GERSTENMALZEXTRAKT, Hefe, Säureregulator: Natriumacetate; WEIZENMALZMEHL.",1077,254,"1,5","0,2","51,3","1,1","7,6","1,5",https://www.edeka24.de/Lebensmittel/Fruehstueck-Snacks/Brot-Broetchen/EDEKA-Baguetterie-Steinofenbaguette-klassisch-250G.html,https://www.edeka24.de/out/pictures/generated/product/1/540_540_90/edeka_baguetterie_klassisch_250g.jpg
869,Lebensmittel,Frühstück & Snacks,Brot-Brötchen,Bio EDEKA Kürbiskernbrötchen 4x 80G,"1,89 €","5,91 €/kg","inkl. MwSt., zzgl. 4.95 € Versandkosten.",lieferbar innerhalb von 2-5 Werktagen,2023-05-02 23:37:02.911370,Bio-Kürbiskernbrötchen zum Fertigbacken,Hinweis zur Aufbewahrung: Vor Wärme geschützt und trocken lagern. Nach dem Öffnen innerhalb weniger Tage verbrauchen.,"Verantwortliches Lebensmittelunternehmen:
EDEKA ZENTRALE Stiftung & Co. KG, D-22291 Hamburg","Zutatenverzeichnis: WEIZENMEHL*, Wasser, 12% Kürbiskerne*, Sonnenblumenkerne*, Leinsamen*, ROGGENVOLLKORNSCHROT*, ROGGENMEHL*, Hefe, jodiertes Speisesalz (Speisesalz, Kaliumjodat), DINKELMEHL*, GERSTENMALZEXTRAKT*, WEIZENMALZMEHL*, Reismehl*. Das Produkt kann Spuren von SCHALENFRÜCHTEN, SENF, SESAM und LUPINE enthalten. * aus kontrolliert ökologischer Landwirtschaft.",1324,315,"9,8","1,7","41,3","2,6","13,6","1,1",https://www.edeka24.de/Lebensmittel/Fruehstueck-Snacks/Brot-Broetchen/Bio-EDEKA-Kuerbiskernbroetchen-4x-80G.html,https://www.edeka24.de/out/pictures/generated/product/1/540_540_90/bio_edeka_kamp252rbiskernbramp246tchen_320g.jpg
870,Lebensmittel,Frühstück & Snacks,Brot-Brötchen,EDEKA Dinkelbrötchen 4ST 300G,"2,19 €","7,30 €/kg","inkl. MwSt., zzgl. 4.95 € Versandkosten.",lieferbar innerhalb von 2-5 Werktagen,2023-05-02 23:37:06.460065,Dinkelbrötchen zum Fertigbacken,Hinweis zur Aufbewahrung: Vor Wärme geschützt und trocken lagern. Nach dem Öffnen empfehlen wir den alsbaldigen Verzehr.,"Verantwortliches Lebensmittelunternehmen:
EDEKA ZENTRALE Stiftung & Co. KG, D-22291 Hamburg","Zutatenverzeichnis: DINKELMEHL (eine WEIZENART), Wasser, Sauerteig (ROGGENVOLLKORNSCHROT, Wasser), Sonnenblumenkerne, Hefe, Kartoffelflocken, Meersalz, Backmittel (Dextrose, Emulgator E472e; WEIZENMEHL, Rapsöl), GERSTENMALZEXTRAKT, MAGERMILCHPULVER, SÜßMOLKENPULVER, MAGERMILCHJOGHURTPULVER, Säureregulator: Natriumacetate.",1117,265,"3,5","0,6",44,2,11,1,https://www.edeka24.de/Lebensmittel/Fruehstueck-Snacks/Brot-Broetchen/EDEKA-Dinkelbroetchen-4ST-300G.html,https://www.edeka24.de/out/pictures/generated/product/1/540_540_90/edeka_dinkelbramp246tchen_4st_300g.jpg
871,Lebensmittel,Frühstück & Snacks,Brot-Brötchen,EDEKA 4 Brioche Burger Buns 250G,"1,89 €","7,56 €/kg","inkl. MwSt., zzgl. 4.95 € Versandkosten.",lieferbar innerhalb von 2-5 Werktagen,2023-05-02 23:37:09.433685,-,,"Verantwortliches Lebensmittelunternehmen:
EDEKA ZENTRALE Stiftung & Co. KG, D-22291 Hamburg","Zutatenverzeichnis: WEIZENMEHL, Wasser, Zucker, VOLLEI, 3,5% BUTTER, Rapsöl, Speisesalz, Hefe, WEIZENGLUTEN, natürliches Aroma, Emulgator: Mono-und Diglyceride von Speisefettsäuren; MILCHEIWEIß, Alkohol. Das Produkt kann Spuren von SESAM enthalten.",1343,319,"7,6","3,2",52,"8,7","9,4","1,1",https://www.edeka24.de/Lebensmittel/Fruehstueck-Snacks/Brot-Broetchen/EDEKA-4-Brioche-Burger-Buns-250G.html,https://www.edeka24.de/out/pictures/generated/product/1/540_540_90/edeka_4_brioche_burger_buns_250g.jpg
872,Lebensmittel,Frühstück & Snacks,Brot-Brötchen,Mestemacher Bio Weizen Vollkorn Toastbrot 400G,"3,19 €","7,98 €/kg","inkl. MwSt., zzgl. 4.95 € Versandkosten.",lieferbar innerhalb von 2-5 Werktagen,2023-05-02 23:37:12.259649,Bio Weizen Vollkorn Toastbrot,Hinweis zur Aufbewahrung: Packung kühl und trocken aufbewahren und nach dem Öffnen wieder verschließen.,"Verantwortliches Lebensmittelunternehmen:
Mestemacher GmbH, Postfach 2451, 33254 Gütersloh","Zutatenverzeichnis: WEIZENVOLLKORNMEHL*, Wasser, WEIZENMEHL*, Sonnenblumenöl*, Hefe, WEIZENGLUTEN*, Meersalz, REIS-GERSTENMALZ-SIRUP*. *aus biologischem Landbau.",1124,266,"4,7","0,5","44,1","3,3",10,"1,3",https://www.edeka24.de/Lebensmittel/Fruehstueck-Snacks/Brot-Broetchen/Mestemacher-Bio-Weizen-Vollkorn-Toastbrot-400G.html,https://www.edeka24.de/out/pictures/generated/product/1/540_540_90/bio_mestemacher_weizen_vollkorn_toastbrot_400g.jpg
873,Lebensmittel,Frühstück & Snacks,Brot-Brötchen,EDEKA Bio Dinkelbrot geschnitten 500G,"2,19 €","4,38 €/kg","inkl. MwSt., zzgl. 4.95 € Versandkosten.",lieferbar innerhalb von 2-5 Werktagen,2023-05-02 23:37:15.853714,-,"Hinweis zur Aufbewahrung: Nach dem Öffnen die Packung wieder gut verschließen. Bei einer Aufbewahrung der geöffneten Packung von mehr als drei Tagen, empfehlen wir die Aufbewahrung im Kühlschrank.","Verantwortliches Lebensmittelunternehmen:
EDEKA ZENTRALE Stiftung & Co. KG, D-22291 Hamburg","Zutatenverzeichnis: 51% DINKELVOLLKORNSCHROT*, Wasser, Natursauerteig* (ROGGENVOLLKORNSCHROT*, Wasser), 4% DINKELVOLLKORNQUELLMEHL*, Speisesalz, Hefe*. * aus kontrolliert ökologischer Landwirtschaft Das Produkt kann Spuren von LUPINEN enthalten.",889,211,2,"0,3",38,2,6,"0,88",https://www.edeka24.de/Lebensmittel/Fruehstueck-Snacks/Brot-Broetchen/EDEKA-Bio-Dinkelbrot-geschnitten-500G.html,https://www.edeka24.de/out/pictures/generated/product/1/540_540_90/edeka_bio_dinkelbrot_geschnitten.jpg
874,Lebensmittel,Frühstück & Snacks,Brot-Brötchen,EDEKA Brioche Hot Dog Buns 6ST 270g,"2,19 €","8,11 €/kg","inkl. MwSt., zzgl. 4.95 € Versandkosten.",lieferbar innerhalb von 2-5 Werktagen,2023-05-02 23:37:19.775198,Brioche Hot Dog Buns mit Butter verfeinert.,,"Verantwortliches Lebensmittelunternehmen:
EDEKA Zentrale Stiftung & Co KG, D-22291 Hamburg","Zutatenverzeichnis: Zutaten: WEIZENMEHL, VOLLEI, Rapsöl, Zucker, Wasser, 3,5% BUTTER, Invertzuckersirup, MAGERMILCHPULVER, WEIZENGLUTEN, Hefe, Speisesalz, Emulgator: Mono- und Diglyceride von Speisefettsäuren; natürliches Aroma, MILCHEIWEISS, ROGGENMALZMEHL, Alkohol. Das Produkt kann Spuren von SESAM enthalten.",334,1406,"9,8","2,8",51,12,"9,2","1,1",https://www.edeka24.de/Lebensmittel/Fruehstueck-Snacks/Brot-Broetchen/EDEKA-Brioche-Hot-Dog-Buns-6ST-270g.html,https://www.edeka24.de/out/pictures/generated/product/1/540_540_90/edeka_brioche_hot_dog_buns_6st_270g.jpg
875,Lebensmittel,Frühstück & Snacks,Brot-Brötchen,Mestemacher Bio Dinkel Toastbrot 400G,"3,19 €","7,98 €/kg","inkl. MwSt., zzgl. 4.95 € Versandkosten.",lieferbar innerhalb von 2-5 Werktagen,2023-05-02 23:37:23.087547,Bio Dinkel Toastbrot,Hinweis zur Aufbewahrung: Packung kühl und trocken aufbewahren und nach dem Öffnen wieder verschließen.,"Verantwortliches Lebensmittelunternehmen:
Mestemacher GmbH, Postfach 2451, 33254 Gütersloh","Zutatenverzeichnis: DINKELMEHL*, Wasser, Sonnenblumenöl*, Meersalz, Hefe, REIS-GERSTENMALZ-SIRUP*. *aus biologischem Landbau.",1153,273,"4,8","0,7","47,1","5,2","8,9","1,3",https://www.edeka24.de/Lebensmittel/Fruehstueck-Snacks/Brot-Broetchen/Mestemacher-Bio-Dinkel-Toastbrot-400G.html,https://www.edeka24.de/out/pictures/generated/product/1/540_540_90/bio_mestemacher_dinkel_toastbrot_400g.jpg
877,Lebensmittel,Frühstück & Snacks,Brot-Brötchen,EDEKA Wraps Protein 8ST 320G,"2,19 €","6,84 €/kg","inkl. MwSt., zzgl. 4.95 € Versandkosten.",lieferbar innerhalb von 2-5 Werktagen,2023-05-02 23:37:30.329138,Weizen Tortilla Wrap Kohlenhydratreduziert,Hinweis zur Aufbewahrung: Vor Wärme geschützt und trocken lagern.,"Verantwortliches Lebensmittelunternehmen:
EDEKA ZENTRALE Stiftung & Co. KG, D-22291 Hamburg","Zutatenverzeichnis: 43% WEIZENMEHL, Wasser, 15% Proteinmischung (WEIZENPROTEIN, Erbsenprotein, Reisprotein), Rapsöl, HAFERPFLANZENFASER, Feuchthaltemittel: Glycerin, Leinmehl, Quinoamehl, Dextrose, Emulgator: Mono- und Diglyceride von Speisefettsäuren, jodiertes Speisesalz (Speisesalz, Kaliumjodat), Säureregulator: Äpfelsäure.",1342,319,"8,8","1,1","38,5",3,"18,4","1,3",https://www.edeka24.de/Lebensmittel/Fruehstueck-Snacks/Brot-Broetchen/EDEKA-Wraps-Protein-8ST-320G.html,https://www.edeka24.de/out/pictures/generated/product/1/540_540_90/edeka_wraps_protein_8st_320g.jpg
878,Lebensmittel,Frühstück & Snacks,Brot-Brötchen,EDEKA Baguetterie Zwiebel 300G,"2,19 €","7,30 €/kg","inkl. MwSt., zzgl. 4.95 € Versandkosten.",lieferbar innerhalb von 2-5 Werktagen,2023-05-02 23:37:33.722117,"Steinofenbaguette mit 8,8% Röstzwiebeln, zum Fertigbacken",,"Verantwortliches Lebensmittelunternehmen:
EDEKA ZENTRALE Stiftung & Co. KG, D-22291 Hamburg","Zutatenverzeichnis: WEIZENMEHL, Wasser, Röstzwieblen (Zwiebeln, Sonnenblumenöl), Hefe, Meersalz, GERSTENMALZMEHL, GERSTENMALZEXTRAKT, Backmittel (Dextrose, Emulgator: E 472e; WEIZENMEHL, Rapsöl), Säureregulator: Natriumacetate.",933,220,"0,6","0,2",44,"5,2","7,8","1,0",https://www.edeka24.de/Lebensmittel/Fruehstueck-Snacks/Brot-Broetchen/EDEKA-Baguetterie-Zwiebel-300G.html,https://www.edeka24.de/out/pictures/generated/product/1/540_540_90/edeka_baguetterie_zwiebel_300g.jpg
879,Lebensmittel,Frühstück & Snacks,Brot-Brötchen,EDEKA Genussmomente Panini Rustico 400G,"2,29 €","5,73 €/kg","inkl. MwSt., zzgl. 4.95 € Versandkosten.",lieferbar innerhalb von 2-5 Werktagen,2023-05-02 23:37:37.525676,Weizenkleingebäck zum Aufbacken,,"Verantwortliches Lebensmittelunternehmen:
EDEKA ZENTRALE Stiftung & Co. KG, D-22291 Hamburg","Zutatenverzeichnis: WEIZENMEHL, Wasser, Speisesalz, Hefe. Das Produkt kann Spuren von MILCH und SCHALENFRÜCHTEN enthalten.",1018,240,"1,2","0,2","46,5","1,7","8,9","1,6",https://www.edeka24.de/Lebensmittel/Fruehstueck-Snacks/Brot-Broetchen/EDEKA-Genussmomente-Panini-Rustico-400G.html,https://www.edeka24.de/out/pictures/generated/product/1/540_540_90/edeka_genussmomente_panini_rustico_400g.jpg
880,Lebensmittel,Frühstück & Snacks,Brot-Brötchen,EDEKA Baguetterie Dinkel 250G,"2,19 €","8,76 €/kg","inkl. MwSt., zzgl. 4.95 € Versandkosten.",lieferbar innerhalb von 2-5 Werktagen,2023-05-02 23:37:40.990444,-,,"Verantwortliches Lebensmittelunternehmen:
EDEKA ZENTRALE Stiftung & Co. KG, D-22291 Hamburg","Zutatenverzeichnis: 61% DINKELMEHL**, Wasser, 6,9% DINKELFLOCKEN**, Hefe, GERSTENMALZMEHL, GERSTENMALZEXTRAKT, Meersalz, Backmittel (Dextrose, Emulgator: E472e; WEIZENMEHL, Rapsöl), Säureregulator: Natriumacetate. **eine WEIZENART",1031,243,"1,0","0,2",47,"2,6","9,8","1,3",https://www.edeka24.de/Lebensmittel/Fruehstueck-Snacks/Brot-Broetchen/EDEKA-Baguetterie-Dinkel-250G.html,https://www.edeka24.de/out/pictures/generated/product/1/540_540_90/edeka_baguetterie_dinkel_250g.jpg
881,Lebensmittel,Frühstück & Snacks,Brot-Brötchen,Mestemacher Fitnessbrot 500G,"2,19 €","4,38 €/kg","inkl. MwSt., zzgl. 4.95 € Versandkosten.",lieferbar innerhalb von 2-5 Werktagen,2023-05-02 23:37:44.860393,"Vollkornbrot mit Roggen, Hafer und Weizenkeimen",Hinweis zur Aufbewahrung: Nach dem Öffnen kühl und trocken lagern.,"Verantwortliches Lebensmittelunternehmen:
Mestemacher GmbH, Am Anger 16 - 33332 Gütersloh","Zutatenverzeichnis: Getreide (ROGGENVOLLKORNSCHROT (38%), HAFER (12%), ROGGENVOLLKORNMEHL (6%)), Wasser, Jodsalz (Salz, Kaliumjodat), WEIZENKEIME (1%), HAFERFASER, Hefe. Kann Spuren von SESAM, SOJA, MILCH und SCHALENFRÜCHTEN enthalten.",724,173,"1,5","0,3","26,1","2,7","5,8",1,https://www.edeka24.de/Lebensmittel/Fruehstueck-Snacks/Brot-Broetchen/Mestemacher-Fitnessbrot-500G.html,https://www.edeka24.de/out/pictures/generated/product/1/540_540_90/mestemacherfitnessbrot.jpg
882,Lebensmittel,Frühstück & Snacks,Brot-Brötchen,EDEKA Genussmomente Walnuss Ringbrot 500G,"2,69 €","5,38 €/kg","inkl. MwSt., zzgl. 4.95 € Versandkosten.",lieferbar innerhalb von 2-5 Werktagen,2023-05-02 23:37:49.871923,Weizenbrot mit Walnüssen zum Fertigbacken,,"Verantwortliches Lebensmittelunternehmen:
EDEKA ZENTRALE Stiftung & Co. KG, D-22291 Hamburg","Zutatenverzeichnis: WEIZENMEHL, Wasser, 4% WALNÜSSE, Speisesalz, Hefe. Das Produkt kann Spuren von MILCH enthalten.",1193,283,"5,1","0,6","48,2","2,3",9,"1,5",https://www.edeka24.de/Lebensmittel/Fruehstueck-Snacks/Brot-Broetchen/EDEKA-Genussmomente-Walnuss-Ringbrot-500G.html,https://www.edeka24.de/out/pictures/generated/product/1/540_540_90/edeka_genussmomente_ringbrot_walnuss_500g.jpg
883,Lebensmittel,Frühstück & Snacks,Brot-Brötchen,EDEKA Craft Burger Buns 4ST 300G,"1,89 €","6,30 €/kg","inkl. MwSt., zzgl. 4.95 € Versandkosten.",lieferbar innerhalb von 2-5 Werktagen,2023-05-02 23:37:53.881780,Weizenbrötchen,Hinweis zur Aufbewahrung: Vor Wärme geschützt und trocken lagern.,"Verantwortliches Lebensmittelunternehmen:
EDEKA ZENTRALE Stiftung & Co. KG, 22291 Hamburg","Zutatenverzeichnis: WEIZENMEHL, Wasser, Sonnenblumenöl, Zucker, Hefe, 1,9% WEIZENMALZMEHL, 1,4% DINKELMALZSCHROT, 0,9% GERSTENMALZMEHL, 0,6%ROGGENRÖSTMALZMEHL, WEIZENGLUTEN, Speisesalz, 0,4% GERSTENKARAMELLMALZMEHL, Rapsöl, Emulgator: Mono-und Diglyceride von Speisefettsäuren, E481; Säureregulator: Natriumacetate; natürliches Aroma, Alkohol. Das Produkt kann Spuren von MILCH und SESAM enthalten.",1212,287,"4,2","0,6",51,"7,1",10,"1,3",https://www.edeka24.de/Lebensmittel/Fruehstueck-Snacks/Brot-Broetchen/EDEKA-Craft-Burger-Buns-4ST-300G.html,https://www.edeka24.de/out/pictures/generated/product/1/540_540_90/edeka_craft_burger_buns_4st_300g.jpg
884,Lebensmittel,Frühstück & Snacks,Brot-Brötchen,Schär Landbrot 275G,"3,49 €","12,69 €/kg","inkl. MwSt., zzgl. 4.95 € Versandkosten.",lieferbar innerhalb von 2-5 Werktagen,2023-05-02 23:37:57.265480,Glutenfreies Landbrot,,"Verantwortliches Lebensmittelunternehmen:
Dr. Schär AG, SPA-Winkelau 9-39014 Burgstall/Postal(BZ) Italy","Zutatenverzeichnis: Maisstärke, Wasser, Sauerteig 14% (Reismehl, Wasser) Buchweizenmehl 11%, Reismehl, pflanzliche Faser (Psyllium), Reisstärke, Zuckersirup, Sonnenblumenöl, SOJAPROTEIN, Sorghummehl, Hefe, Verdickungsmittel: Hydroxypropylmethylcellulose; Salz, natürliches Aroma. Kann Spuren von SENF enthalten.",932,221,"3,0","0,4",40,"2,6","4,2","1,1",https://www.edeka24.de/Lebensmittel/Fruehstueck-Snacks/Brot-Broetchen/Schaer-Landbrot-275G.html,https://www.edeka24.de/out/pictures/generated/product/1/540_540_90/schr_landbrot_275g.jpg
885,Lebensmittel,Frühstück & Snacks,Brot-Brötchen,Alnatura Bio Dinkelgrünkernbrot 500G,"2,19 €","4,38 €/kg","inkl. MwSt., zzgl. 4.95 € Versandkosten.",lieferbar innerhalb von 2-5 Werktagen,2023-05-02 23:38:00.365723,"Bio Vollkornbrot mit 43% Roggen, 13% Dinkel und 4% Grünkern, pasteurisiert",Hinweis zur Aufbewahrung: Nach dem Öffnen im Kühlschrank aufbewahren und innerhalb von 3 Tagen verbrauchen.,"Verantwortliches Lebensmittelunternehmen:
Alnatura Produktions- und Handels GmbH, Mahatma-Gandhi-Str. 7, 64295 Darmstadt","Zutatenverzeichnis: Wasser, ROGGENVOLLKORNSCHROT*, DINKELSCHROT*¹, ROGGENVOLLKORNMEHL*, GRÜNKERNSCHROT*¹, Meersalz, Hefe*. Kann Spuren von SOJA, MILCH, MANDEL, NÜSSEN und SESAM enthalten. *aus biologischer Landwirtschaft ¹Dinkel und Grünkern sind Urweizenarten",815,193,"1,4","0,2",35,3,"5,4","1,3",https://www.edeka24.de/Lebensmittel/Fruehstueck-Snacks/Brot-Broetchen/Alnatura-Bio-Dinkelgruenkernbrot-500G.html,https://www.edeka24.de/out/pictures/generated/product/1/540_540_90/bio_alnatura_dinkelgrnkernbrot_500g.jpg
886,Lebensmittel,Frühstück & Snacks,Brot-Brötchen,EDEKA Bio Finnisch Toasties 260G,"1,19 €","4,58 €/kg","inkl. MwSt., zzgl. 4.95 € Versandkosten.",lieferbar innerhalb von 2-5 Werktagen,2023-05-02 23:38:04.135792,Roggenmischtoastbrötchen,,"Verantwortliches Lebensmittelunternehmen:
EDEKA Zentrale Stiftung & Co. KG, 22291 Hamburg","Zutatenverzeichnis: 35% ROGGENERZEUGNISSE* (ROGGENGRÜTZE*, ROGGENMEHL*, ROGGENFLOCKEN*), Wasser, WEIZENMEHL*, WEIZENGRÜTZE*, Zucker*, Kartoffelflocken*, Meersalz, GERSTENMALZMEHL*, WEIZENGLUTEN*, Hefe. *aus kontrolliert ökologischer Landwirtschaft",980,232,"1,4","0,2",43,"2,9","7,4","1,2",https://www.edeka24.de/Lebensmittel/Fruehstueck-Snacks/Brot-Broetchen/EDEKA-Bio-Finnisch-Toasties-260G.html,https://www.edeka24.de/out/pictures/generated/product/1/540_540_90/edkfintoast.jpg
887,Lebensmittel,Frühstück & Snacks,Brot-Brötchen,Mestemacher Karotten Eiweißbrot 250G,"2,49 €","9,96 €/kg","inkl. MwSt., zzgl. 4.95 € Versandkosten.",lieferbar innerhalb von 2-5 Werktagen,2023-05-02 23:38:08.047584,-,Hinweis zur Aufbewahrung: Nach dem Öffnen kühl und trocken lagern.,"Verantwortliches Lebensmittelunternehmen:
Mestemacher GmbH, Am Anger 16 - 33332 Gütersloh","Zutatenverzeichnis: Wasser, EIWEISSMISCHUNG (17%) (WEIZENEIWEISS, Erbseneiweiß), ROGGENVOLLKORNMEHL, SOJAMEHL (7%), SOJASCHROT (7%), Karottenstreifen (5%), Leinsaat braun, WEIZENSPEISEKLEIE, Sonnenblumenkerne, HAFERFASER, Salz, Goldleinsaat, Hefe, MOLKENPULVER, ROGGENMEHL, Säureregulator: Natriumdiacetat. Kann Spuren von SESAM und SCHALENFRÜCHTEN enthalten.",953,228,"8,2","1,1","11,4","3,7","21,7","1,3",https://www.edeka24.de/Lebensmittel/Fruehstueck-Snacks/Brot-Broetchen/Mestemacher-Karotten-Eiweissbrot-250G.html,https://www.edeka24.de/out/pictures/generated/product/1/540_540_90/mestemeiwbrot_5karotten250g.jpg
888,Lebensmittel,Frühstück & Snacks,Brot-Brötchen,EDEKA Urgetreide Brot 350G,"2,29 €","6,54 €/kg","inkl. MwSt., zzgl. 4.95 € Versandkosten.",lieferbar innerhalb von 2-5 Werktagen,2023-05-02 23:38:11.955834,Dinkel-Emmer-Brot mit 43% Dinkelerzeugnissen und 17% Emmererzeugnissen,Hinweis zur Aufbewahrung: Trocken und vor Wärme geschützt lagern. Die Packung nach dem Öffnen wieder gut verschließen.,"Verantwortliches Lebensmittelunternehmen:
EDEKA ZENTRALE Stiftung & Co. KG, D-22291 Hamburg","Zutatenverzeichnis: Wasser, DINKELVOLLKORNMEHL, DINKELVOLLKORNSCHROT, EMMERMEHL, EMMERVOLLKORNSCHROT, DINKELKÖRNER, Sonnenblumenkerne, DINKELVOLLKORNFLOCKEN, Zuckerrübensirup, Speisesalz, Hefe. Das Produkt kann Spuren von SOJA, MILCH, SCHALENFRÜCHTEN und SESAM enthalten.",964,228,"2,3","0,3",41,"2,4","8,6","1,7",https://www.edeka24.de/Lebensmittel/Fruehstueck-Snacks/Brot-Broetchen/EDEKA-Urgetreide-Brot-350G.html,https://www.edeka24.de/out/pictures/generated/product/1/540_540_90/edeka_urgetreide_brot_350g.jpg
889,Lebensmittel,Frühstück & Snacks,Brot-Brötchen,Mestemacher Echt westfälischer Pumpernickel 250G,"1,49 €","5,96 €/kg","inkl. MwSt., zzgl. 4.95 € Versandkosten.",lieferbar innerhalb von 2-5 Werktagen,2023-05-02 23:38:15.606849,Echt westfällischer Pumpernickel,Hinweis zur Aufbewahrung: Nach dem Öffnen frisch verzehren. Nach dem Öffnen kühl und trocken lagern.,"Verantwortliches Lebensmittelunternehmen:
Mestemacher GmbH, Am Anger 16 - 33332 Gütersloh","Zutatenverzeichnis: ROGGENVOLLKORNSCHROT(60%), Wasser, Rübensirup, Salz, MALZEXTRAKT(GERSTE), Hefe. Kann Spuren von SESAM, MILCH und SCHALENFRÜCHTEN enthalten.",763,181,1,"0,2","32,8","6,2","4,6","1,1",https://www.edeka24.de/Lebensmittel/Fruehstueck-Snacks/Brot-Broetchen/Mestemacher-Echt-westfaelischer-Pumpernickel-250G.html,https://www.edeka24.de/out/pictures/generated/product/1/540_540_90/mestermacher-pumpernickel-250-gramm.jpg
890,Lebensmittel,Frühstück & Snacks,Brot-Brötchen,Mestemacher Echt westfälischer Pumpernickel in der Dose 500G,"2,59 €","5,18 €/kg","inkl. MwSt., zzgl. 4.95 € Versandkosten.",lieferbar innerhalb von 2-5 Werktagen,2023-05-02 23:38:19.101370,Roggenvollkornbrot,Hinweis zur Aufbewahrung: Nach dem Öffnen kühl (am bestem im Kühlschrank) lagern und frisch verzehren.,"Verantwortliches Lebensmittelunternehmen:
Mestemacher GmbH, Am Anger 16 - 33332 Gütersloh","Zutatenverzeichnis: ROGGENVOLLKORNSCHROT, Wasser, Rübensirup, Salz, MALZEXTRAKT (GERSTE), Hefe. Kann Spuren von SESAM, MILCH und SCHALENFRÜCHTEN enthalten.",836,199,"1,4","0,3","35,6","8,1","5,2","1,2",https://www.edeka24.de/Lebensmittel/Fruehstueck-Snacks/Brot-Broetchen/Mestemacher-Echt-westfaelischer-Pumpernickel-in-der-Dose-500G.html,https://www.edeka24.de/out/pictures/generated/product/1/540_540_90/mestermacher-pumpernickel.jpg
891,Lebensmittel,Frühstück & Snacks,Brot-Brötchen,Mestemacher Pita Brottaschen Weizen 400G,"2,69 €","6,73 €/kg","inkl. MwSt., zzgl. 4.95 € Versandkosten.",lieferbar innerhalb von 2-5 Werktagen,2023-05-02 23:38:22.703416,-,Hinweis zur Aufbewahrung: Nach dem Öffnen kühl und trocken lagern.,"Verantwortliches Lebensmittelunternehmen:
Mestemacher GmbH, Am Anger 16 - 33332 Gütersloh","Zutatenverzeichnis: WEIZENMEHL(73%), Wasser, Jodsalz, Hefe, Branntweinessig, Zucker, WEIZENMALZMEHL.",1085,256,"1,1","0,3","51,9","2,2","7,8","1,4",https://www.edeka24.de/Lebensmittel/Fruehstueck-Snacks/Brot-Broetchen/Mestemacher-Pita-Brottaschen-Weizen-400G.html,https://www.edeka24.de/out/pictures/generated/product/1/540_540_90/mestemacherweizenpita.jpg
892,Lebensmittel,Frühstück & Snacks,Brot-Brötchen,Mestemacher Echt westfälischer Pumpernickel 500G,"1,99 €","3,98 €/kg","inkl. MwSt., zzgl. 4.95 € Versandkosten.",lieferbar innerhalb von 2-5 Werktagen,2023-05-02 23:38:25.769353,Westfälischer Pumpernickel,Hinweis zur Aufbewahrung: Nach dem Öffnen kühl und trocken lagern.,"Verantwortliches Lebensmittelunternehmen:
Mestemacher GmbH, Am Anger 16 - 33332 Gütersloh","Zutatenverzeichnis: ROGGENVOLLKORNSCHROT(60%), Wasser, Rübensirup, Salz, MALZEXTRAKT(GERSTE), Hefe. Kann Spuren von SOJA, MILCH und SCHALENFRÜCHTEN enthalten.",763,181,1,"0,2","32,8","6,2","4,6","1,1",https://www.edeka24.de/Lebensmittel/Fruehstueck-Snacks/Brot-Broetchen/Mestemacher-Echt-westfaelischer-Pumpernickel-500G.html,https://www.edeka24.de/out/pictures/generated/product/1/540_540_90/mestermacher-pumpernickel-500-gramm.jpg
893,Lebensmittel,Frühstück & Snacks,Brot-Brötchen,Mestemacher Premium Vollkorn Brotkörbchen 500G,"3,19 €","6,38 €/kg","inkl. MwSt., zzgl. 4.95 € Versandkosten.",lieferbar innerhalb von 2-5 Werktagen,2023-05-02 23:38:28.915560,5 Sorten Vollkornbrote in 10 Portionspackungen,Hinweis zur Aufbewahrung: Nach dem Öffnen kühl und trocken lagern.,"Verantwortliches Lebensmittelunternehmen:
Mestemacher GmbH, Am Anger 16 - 33332 Gütersloh","Zutatenverzeichnis: Vollkornbrot - ROGGENVOLLKORNSCHROT(59%), Wasser, Salz. Kann Spuren von SESAM und SOJA enthalten. Pumpernickel - ROGGENVOLLKORNSCHROT(60%), Wasser, Rübensirup, Salz, MALZEXTRAKT(GERSTE), Hefe. Kann Spuren von SESAM und SOJA enthalten. Sonnenkernbrot - ROGGENVOLLKORNSCHROT(56%), Wasser, Sonnenblumenkerne (5%), Salz. Kann Spuren von SESAM und SOJA enthalten. Fitnessbrot - ROGGENVOLLKORNSCHROT(51%), Wasser, HAFERVOLLKORNSCHROT(3%), Sonnenblumenkerne (2,5%), WEIZENKEIME(1,5%), Salz. Kann Spuren von SESAM und SOJA enthalten. Leinsamenbrot - ROGGENVOLLKORNSCHROT(56%), Wasser, Leinsamen (5%), Salz. Kann Spuren von SESAM und SOJA enthalten.",,,,,,,,,https://www.edeka24.de/Lebensmittel/Fruehstueck-Snacks/Brot-Broetchen/Mestemacher-Premium-Vollkorn-Brotkoerbchen-500G.html,https://www.edeka24.de/out/pictures/generated/product/1/540_540_90/mestemacherkorb.jpg
894,Lebensmittel,Frühstück & Snacks,Brot-Brötchen,Mestemacher High Protein Brot fein 200G,"2,49 €","12,45 €/kg","inkl. MwSt., zzgl. 4.95 € Versandkosten.",lieferbar innerhalb von 2-5 Werktagen,2023-05-02 23:38:32.154765,Eiweißbrot,,"Verantwortliches Lebensmittelunternehmen:
Mestemacher GmbH, Postfach 2451, 33254 Gütersloh","Zutatenverzeichnis: WEIZENMEHL, Wasser, WEIZENEIWEISS (17%), Apfelessig, Salz, GERSTENMALZMEHL, WEIZENFASERN, HAFERFASER, Hefe, Stabilisator: Hydroxypropylmethylcellulose. Kann Spuren von SESAM, SOJA, MILCH und SCHALENFRÜCHTEN enthalten.",1009,238,"1,6","0,6","34,8","1,8","19,4","1,1",https://www.edeka24.de/Lebensmittel/Fruehstueck-Snacks/Brot-Broetchen/Mestemacher-High-Protein-Brot-fein-200G.html,https://www.edeka24.de/out/pictures/generated/product/1/540_540_90/mestemacher_high_protein_brot_fein_200g.jpg
895,Lebensmittel,Frühstück & Snacks,Brot-Brötchen,Pema Fränkisch Vollkorn 500G,"2,19 €","4,38 €/kg","inkl. MwSt., zzgl. 4.95 € Versandkosten.",lieferbar innerhalb von 2-5 Werktagen,2023-05-02 23:38:36.822395,Roggen-Vollkornbrot,Hinweis zur Aufbewahrung: Die einzelnen Scheiben bitte mit einem Messer trennen. Nach dem Öffnen die Packung wieder gut zufalten. Bei Aufbewahrung der geöffneten Verpackung für länger als 3 Tage bitte im Kühlschrank lagern.,"Verantwortliches Lebensmittelunternehmen:
PEMA Vollkorn-Spezialitäten, D-95163 Weissenstadt","Zutatenverzeichnis: ROGGEN-Vollkorn 53%, teilweise als Natursauerteig, Wasser, Salz 1%, Hefe. Kann Spuren von WEIZEN und SÜßLUPINE enthalten.",752,178,"1,2","0,1",32,"1,6","4,6",1,https://www.edeka24.de/Lebensmittel/Fruehstueck-Snacks/Brot-Broetchen/Pema-Fraenkisch-Vollkorn-500G.html,https://www.edeka24.de/out/pictures/generated/product/1/540_540_90/pema_frnkisch_vollkorn_500_g.jpg
896,Lebensmittel,Frühstück & Snacks,Brot-Brötchen,Mestemacher Eiweißbrot 250G,"2,49 €","9,96 €/kg","inkl. MwSt., zzgl. 4.95 € Versandkosten.",lieferbar innerhalb von 2-5 Werktagen,2023-05-02 23:38:42.705575,-,Hinweis zur Aufbewahrung: Nach dem Öffnen kühl und trocken lagern.,"Verantwortliches Lebensmittelunternehmen:
Mestemacher GmbH, Am Anger 16 - 33332 Gütersloh","Zutatenverzeichnis: Wasser, Eiweißmischung (12%) (WEIZENEIWEIß, Erbseneiweiß), Leinsaat braun, ROGGENVOLLKORNMEHL, SOJASCHROT(6%), SOJAMEHL(3%), WEIZENSPEISEKLEIE, Goldleinsaat, Sonnenblumenkerne, SESAM, Hefe, HAFERFASER, Salz, Säureregulator: Natriumdiacetat, EIWEIßANGEREICHERTES MOLKEPULVER. Kann Spuren von SCHALENFRÜCHTEN enthalten.",264,1100,"13,1","1,4","7,5","0,9",22,"1,1",https://www.edeka24.de/Lebensmittel/Fruehstueck-Snacks/Brot-Broetchen/Mestemacher-Eiweissbrot-250G.html,https://www.edeka24.de/out/pictures/generated/product/1/540_540_90/mestemacher_eiweibrot_250_g.jpg
897,Lebensmittel,Frühstück & Snacks,Brot-Brötchen,Pema Bio Gewürz Brot nach Barbara Rütting 500G,"1,99 €","3,98 €/kg","inkl. MwSt., zzgl. 4.95 € Versandkosten.",lieferbar innerhalb von 2-5 Werktagen,2023-05-02 23:38:46.481235,Bio Roggen-Vollkornbrot,Hinweis zur Aufbewahrung: Bei Aufbewahrung der geöffneten Packung für länger als 3 Tage bitte in den Kühlschrank. Nach dem Öffnen die Packung wieder gut zufalten.,"Verantwortliches Lebensmittelunternehmen:
PEMA Vollkorn-Spezialitäten, D-95163 Weissenstadt","Zutatenverzeichnis: ROGGEN*-Vollkornschrot 37%, Natursauerteig 31% (ROGGEN*-Vollkornschrot, Wasser), Wasser, Gewürzmischung* 2% (Kümmel*, Fenchel*, Koriander*), Leinsamen*, Hefe*, Salz. Kann Spuren von WEIZEN und SÜßLUPINE enthalten. *aus kontrolliert ökologischem Anbau",762,181,"2,3","0,2",30,3,"4,6","0,95",https://www.edeka24.de/Lebensmittel/Fruehstueck-Snacks/Brot-Broetchen/Pema-Bio-Gewuerz-Brot-nach-Barbara-Ruetting-500G.html,https://www.edeka24.de/out/pictures/generated/product/1/540_540_90/pema_bio_barbara_rtting_brot_bioland_500_g(1).jpg
898,Lebensmittel,Frühstück & Snacks,Brot-Brötchen,Pema Reis-Brot glutenfrei 375G,"2,89 €","7,71 €/kg","inkl. MwSt., zzgl. 4.95 € Versandkosten.",lieferbar innerhalb von 2-5 Werktagen,2023-05-02 23:38:52.486107,Glutenfreies Reisbrot mit Sonnenblumenkernen,Hinweis zur Aufbewahrung: Die einzelnen Scheiben mit einem Messer trennen. Nach dem Öffnen die Packung wieder gut zufalten; bei Aufbrauchfrist von mehr als 3 Tagen bitte im Kühlschrank lagern.,"Verantwortliches Lebensmittelunternehmen:
PEMA Vollkorn-Spezialitäten, D-95163 Weissenstadt","Zutatenverzeichnis: Getreideerzeugnisse 59% (Vollreis, frisch geschrotet 38%, Hirsekörner 9%, Buchweizen, frisch geschrotet 6%, Vollmaisschrot 6%), Wasser, SÜßLUPINENMEHL, Sonnenblumenkerne 4%, Verdickungsmittel Guarkernmehl, Hefe, Salz 1%, Karamellsirup",883,209,"3,7","0,5",35,"1,2","6,2",1,https://www.edeka24.de/Lebensmittel/Fruehstueck-Snacks/Brot-Broetchen/Pema-Reis-Brot-glutenfrei-375G.html,https://www.edeka24.de/out/pictures/generated/product/1/540_540_90/pema_reisbrot_glutenfrei_375_g.jpg
899,Lebensmittel,Frühstück & Snacks,Brot-Brötchen,Alnatura Bio Leinsamen Brot 500G,"2,19 €","4,38 €/kg","inkl. MwSt., zzgl. 4.95 € Versandkosten.",lieferbar innerhalb von 2-5 Werktagen,2023-05-02 23:38:58.172802,-,,"Verantwortliches Lebensmittelunternehmen:
Alnatura GmbH, D-64295 Darmstadt","Zutatenverzeichnis: Roggenvollkornschrot 55%, Wasser, Leinsamen 6%, Meersalz, Hefe",814,194,"3,0","0,4",31,"2,8","5,2","1,0",https://www.edeka24.de/Lebensmittel/Fruehstueck-Snacks/Brot-Broetchen/Alnatura-Bio-Leinsamen-Brot-500G.html,https://www.edeka24.de/out/pictures/generated/product/1/540_540_90/bio_alnatura_leinsamen_brot_500g.jpg
900,Lebensmittel,Frühstück & Snacks,Brot-Brötchen,Schär Meisterbäckers Classic 330G,"3,49 €","10,58 €/kg","inkl. MwSt., zzgl. 4.95 € Versandkosten.",lieferbar innerhalb von 2-5 Werktagen,2023-05-02 23:39:04.598891,"Glutenfreies weißes Schnittbrot, speziell formuliert für Menschen mit Glutenunverträglichkeit.","Hinweis zur Aufbewahrung: Bei Raumtemperatur trocken lagern. Nach dem Öffnen, Packung wieder verschließen und das Brot innerhalb von wenigen Tagen konsumieren oder direkt einfrieren.","Verantwortliches Lebensmittelunternehmen:
Dr. Schär AG/SPA, Winkelau 9, 39014 Burgstall/Postal (BZ) Italy","Zutatenverzeichnis: Maisstärke, Wasser, Sauerteig 16% (Reismehl,Wasser), Reisstärke, Flohsamenschalen (Plantago, Psyllium), Reissirup, Sonnenblumenöl, SOJAPROTEIN, Verdickungsmittel: Hydroxypropylmethylcellulose; Hirsemehl 1,9%, Quinoamehl 1,3%, Hefe, Honig, jodiertes Salz (Salz, Kaliumjodid). Kann Spuren von LUPINEN und SENF enthalten.",981,233,"3,4","0,4",43,"3,3","3,5","0,99",https://www.edeka24.de/Lebensmittel/Fruehstueck-Snacks/Brot-Broetchen/Schaer-Meisterbaeckers-Classic-330G.html,https://www.edeka24.de/out/pictures/generated/product/1/540_540_90/schamp228r_meisterbamp228ckers_classic_330g.jpg
901,Lebensmittel,Frühstück & Snacks,Brot-Brötchen,Fuego Tortilla Wraps Classic 320G,"2,79 €","8,72 €/kg","inkl. MwSt., zzgl. 4.95 € Versandkosten.",lieferbar innerhalb von 2-5 Werktagen,2023-05-02 23:39:09.066717,Tortillas aus Weizenmehl,Hinweis zur Aufbewahrung: Trocken lagern. Nach dem Öffnen in geschlossener Verpackung maximal 3 Tage lang im Kühlschrank aufbewahren.,"Verantwortliches Lebensmittelunternehmen:
Theodor Kattus GmbH, 49198 Dissen","Zutatenverzeichnis: WEIZENMEHL (66 %), Wasser, Palmöl, Stabilisatoren: E422, E466, E412; Backtriebmittel: E500, E450; Speisesalz, Säuerungsmittel: E296; Emulgator: E471; Dextrose, Konservierungsstoffe: E282, E202; Mehlbehandlungsmittel: E920.",1400,332,8,"3,3","54,2","1,3","9,3","1,3",https://www.edeka24.de/Lebensmittel/Fruehstueck-Snacks/Brot-Broetchen/Fuego-Tortilla-Wraps-Classic-320G.html,https://www.edeka24.de/out/pictures/generated/product/1/540_540_90/fuego_weizenmehl_tortillas_classic_320g.jpg
902,Lebensmittel,Frühstück & Snacks,Brot-Brötchen,Mestemacher Eiweiß Toastbrötchen mit Karotten 4x 65G,"2,39 €","9,19 €/kg","inkl. MwSt., zzgl. 4.95 € Versandkosten.",lieferbar innerhalb von 2-5 Werktagen,2023-05-02 23:39:13.143812,Eiweiß Toastbrötchen mit 5% Karotten,Hinweis zur Aufbewahrung: Bei Raumtemperatur aufbewahren.,"Verantwortliches Lebensmittelunternehmen:
Mestemacher GmbH, Am Anger 16 - 33332 Gütersloh","Zutatenverzeichnis: Wasser, WEIZENVOLLKORNMEHL, Sojamahlerzeugnisse (16%) (SOJASCHROT, SOJAMEHL), Eiweißmischung (12%) (WEIZENEIWEIß, SOJAEIWEIß), Karottenstreifen (5%), Leinsaat braun, Goldleinsamenmehl, Sonnenblumenkerne, SESAM, GERSTENMALZMEHL, Salz, Hefe, Säuerungsmittel: Äpfelsäure; ROGGENVOLLKORNMEHL, Säureregulator: Natriumdiacetat. Kann Spuren von LUPINEN enthalten.",249,1040,"9,2","1,3","15,1","4,7","19,6",1,https://www.edeka24.de/Lebensmittel/Fruehstueck-Snacks/Brot-Broetchen/Mestemacher-Eiweiss-Toastbroetchen-mit-Karotten-4x-65G.html,https://www.edeka24.de/out/pictures/generated/product/1/540_540_90/mestemacher_eiweiamp223_toastbramp246tchen_mit_karotten_4x65g.jpg
903,Lebensmittel,Frühstück & Snacks,Brot-Brötchen,Alnatura Bio Eiweißbrot 250G,"2,49 €","9,96 €/kg","inkl. MwSt., zzgl. 4.95 € Versandkosten.",lieferbar innerhalb von 2-5 Werktagen,2023-05-02 23:39:16.934170,"Bio Roggenbrot, eiweißreich, pasteurisiert",Hinweis zur Aufbewahrung: Nach dem Öffnen im Kühlschrank aufbewahren und innerhalb von 3 Tagen verbrauchen.,"Verantwortliches Lebensmittelunternehmen:
Alnatura Produktions- und Handels GmbH, Mahatma-Gandhi-Str. 7, 64295 Darmstadt","Zutatenverzeichnis: Wasser, ROGGENVOLLKORNMEHL* 20%, WEIZENEIWEIß* 13%, Leinsamen* 10%, SOJASCHROT* 10%, SOJAMEHL*, Apfelessig*, Sonnenblumenkerne* 2%, WEIZENKLEIE*, Apfelfaser* Meersalz, Hefe*. Kann Spuren von MILCH, MANDEL, NÜSSEN und SESAM enthalten. *aus biologischer Landwirtschaft",1036,248,10,1,14,"1,7",20,1,https://www.edeka24.de/Lebensmittel/Fruehstueck-Snacks/Brot-Broetchen/Alnatura-Bio-Eiweissbrot-250G.html,https://www.edeka24.de/out/pictures/generated/product/1/540_540_90/bio_alnatura_eiweiamp223brot_250g.jpg
904,Lebensmittel,Frühstück & Snacks,Brot-Brötchen,Schär Panino Laugenbrötchen 100G,"2,49 €","24,90 €/kg","inkl. MwSt., zzgl. 4.95 € Versandkosten.",lieferbar innerhalb von 2-5 Werktagen,2023-05-02 23:39:20.602574,Glutenfreie Laugenbrötchen. Speziell formuliert für Menschen mit Glutenunverträglichkeit.,Hinweis zur Aufbewahrung: Bei Raumtemperatur trocken lagern. Das Produkt nach dem Auftauen nicht wieder tiefkühlen. Im Kühlschrank aufbewahren und innerhalb eines Tages aufbrauchen.,"Verantwortliches Lebensmittelunternehmen:
Dr. Schär AG/SPA, Winkelau 9, 39014 Burgstall/Postal (BZ) Italy","Zutatenverzeichnis: Maisstärke, Sauerteig (Reismehl, Wasser), Wasser, Reisstärke, Reissirup, pflanzliche Faser (Psyllium, Apfel), Sonnenblumenkernöl, Reismehl, SOJAPROTEIN, Apfelessig, Hefe, Verdickungsmittel: Hydroxypropylmethylcellulose; Salz, Dextrose. LAKTOSEFREI. Kann Spuren von EI und MILCH enthalten.",1041,247,"3,1","0,4",48,"4,9","3,3","1,8",https://www.edeka24.de/Lebensmittel/Fruehstueck-Snacks/Brot-Broetchen/Schaer-Panino-Laugenbroetchen-100G.html,https://www.edeka24.de/out/pictures/generated/product/1/540_540_90/schamp228r_panino_laugenbramp246tchen_100g.jpg
905,Lebensmittel,Frühstück & Snacks,Brot-Brötchen,Schär Hamburger Brötchen 300G,"3,79 €","12,63 €/kg","inkl. MwSt., zzgl. 4.95 € Versandkosten.",lieferbar innerhalb von 2-5 Werktagen,2023-05-02 23:39:24.355319,Glutenfreie Hamburger- Brötchen.,Hinweis zur Aufbewahrung: Kühl und trocken lagern.,"Verantwortliches Lebensmittelunternehmen:
Dr. Schär AG / SPA Winkelau 9 - 39014 Burgstall/Postal (BZ) - Italy","Zutatenverzeichnis: Sauerteig 25% (Reismehl, Wasser), Wasser, Reisstärke, Maisstärke, Hirsemehl, pflanzliche Faser (Psyllium), Zucker, Verdickungsmittel: Hydroxy-propylmethylcellulose; LUPINENPROTEIN, Sonnenblumenöl, Hefe, Salz, Emulgator: Mono- und Diglyceride von Speisefettsäuren; Aroma. Kann Spuren von SOJA und SENF enthalten. LAKTOSEFREI. WEIZENFREI",946,224,"2,6","0,3",44,"4,7","3,2","0,91",https://www.edeka24.de/Lebensmittel/Fruehstueck-Snacks/Brot-Broetchen/Schaer-Hamburger-Broetchen-300G.html,https://www.edeka24.de/out/pictures/generated/product/1/540_540_90/schamp228r_hamburger_bramp246tchen_300g.jpg
906,Lebensmittel,Frühstück & Snacks,Brot-Brötchen,Mestemacher Eiweiß Toastbrötchen 4x 65G,"2,59 €","9,96 €/kg","inkl. MwSt., zzgl. 4.95 € Versandkosten.",lieferbar innerhalb von 2-5 Werktagen,2023-05-02 23:39:31.323518,-,Hinweis zur Aufbewahrung: Bei Raumtemperatur aufbewahren.,"Verantwortliches Lebensmittelunternehmen:
Mestemacher GmbH, Am Anger 16 - 33332 Gütersloh","Zutatenverzeichnis: Wasser, WEIZENVOLLKORNMEHL, Sojamahlerzeugnisse (16%) (SOJASCHROT, SOJAMEHL), Eiweißmischung (12%) (WEIZENEIWEIß, SOJAEIWEIß), Leinsamen, Goldleinsamenmehl, Sonnenblumenkerne, SESAM, Hefe, GERSTENMALZMEHL, Salz, Säuerungsmittel: Äpfelsäure; ROGGENVOLLKORNMEHL, Säureregulator: Natriumdiacetat. Kann Spuren von LUPINEN enthalten.",1151,276,12,"1,7","11,4","1,1",25,"1,3",https://www.edeka24.de/Lebensmittel/Fruehstueck-Snacks/Brot-Broetchen/Mestemacher-Eiweiss-Toastbroetchen-4x-65G.html,https://www.edeka24.de/out/pictures/generated/product/1/540_540_90/mestemacher_eiwei_toastbrtchen_4x_65_g.jpg
907,Lebensmittel,Frühstück & Snacks,Brot-Brötchen,Schär Meisterbäckers Vital 350G,"3,49 €","9,97 €/kg","inkl. MwSt., zzgl. 4.95 € Versandkosten.",lieferbar innerhalb von 2-5 Werktagen,2023-05-02 23:39:37.739570,Glutenfreies Brot mit Calcium angereichert. Speziell formuliert für Menschen mit Glutenunverträglichkeit.,Hinweis zur Aufbewahrung: nach dem Öffnen die Packung gut wiederverschließen und das Brot innerhalb weniger Tage konsumieren oder direkt einfrieren.,"Verantwortliches Lebensmittelunternehmen:
Dr. Schär AG/SPA, Winkelau 9, 39014 Burgstall/Postal (BZ) Italy","Zutatenverzeichnis: Wasser, Maisstärke, Sauerteig 14% (Reismehl,Wasser), Reismehl, Leinsamen 5,5%, Sonnenblumenkerne 5,5%, Flohsamenschalen (Plantago Psyllium), Reisvollmehl 3,2%, Hefe, Quinoamehl 2,5%, Sonnenblumenöl, Sorghummehl 2,2%, Verdickungsmittel: Hydroxypropylmethylcellulose; natürliches Aroma, jodiertes Salz (Salz, Kaliumjodid), Kastanienmehl 0,7%, Hirsevollmehl, Säuerungsmittel: Calciumcitrat. Kann Spuren von SOJA, LUPINEN und SENF enthalten",1076,257,"7,7","0,9",37,"0,9","4,6",1,https://www.edeka24.de/Lebensmittel/Fruehstueck-Snacks/Brot-Broetchen/Schaer-Meisterbaeckers-Vital-350G.html,https://www.edeka24.de/out/pictures/generated/product/1/540_540_90/schamp228r_meisterbamp228ckers_vital_350g.jpg
908,Lebensmittel,Frühstück & Snacks,Brot-Brötchen,Schär Meisterbäckers Mehrkorn 330G,"3,49 €","10,58 €/kg","inkl. MwSt., zzgl. 4.95 € Versandkosten.",lieferbar innerhalb von 2-5 Werktagen,2023-05-02 23:39:42.401187,Glutenfreies Körnerbrot. Speziell formuliert für Menschen mit Glutenunverträglichkeit.,Hinweis zur Aufbewahrung: Bei Raumtemperatur trocken lagern. Nach dem Öffnen Packung wiederverschließen und das Brot innerhalb weniger Tage konsumieren oder direkt einfrieren.,"Verantwortliches Lebensmittelunternehmen:
Dr. Schär AG/SPA, Winkelau 9, 39014 Burgstall/Postal (BZ) Italy","Zutatenverzeichnis: Maisstärke,Wasser, Sauerteig 14% (Reismehl,Wasser), Reisstärke, Flohsamenschalen (Plantago Psyllium), Reissirup, Sonnenblumenöl, SOJAFLOCKEN, Sonnenblumenkerne 2,1%, Hirsemehl 2%, Leinsamen 1,9%, Verdickungsmittel: Hydroxypropylmethylcellulose; Quinoamehl 1,3%, Hefe, Reismehl 1,3%, SOJAPROTEIN, SOJAKLEIE, jodiertes Salz (Salz, Kaliumjodid), Mohnsamen 0,6%, Chiasamen (Salvia hispanica) 0,6%, Honig. Kann Spuren von LUPINEN, SESAM und SENF enthalten.",1044,249,"6,6","0,8",38,"4,1","4,5","0,97",https://www.edeka24.de/Lebensmittel/Fruehstueck-Snacks/Brot-Broetchen/Schaer-Meisterbaeckers-Mehrkorn-330G.html,https://www.edeka24.de/out/pictures/generated/product/1/540_540_90/schamp228r_meisterbamp228ckers_mehrkorn_330g.jpg
909,Lebensmittel,Frühstück & Snacks,Brot-Brötchen,Bio Gourmet Südtiroler Schüttelbrot 175G,"4,59 €","26,23 €/kg","inkl. MwSt., zzgl. 4.95 € Versandkosten.",lieferbar innerhalb von 2-5 Werktagen,2023-05-02 23:39:46.518600,Südtiroler Schüttelbrot,"Hinweis zur Aufbewahrung: Kühl, trocken und lichtgeschützt lagern.","Verantwortliches Lebensmittelunternehmen:
Bio Gourmet GmbH, 71729 Erdmannshausen","Zutatenverzeichnis: ROGGENMEHL* , WEIZENMEHL* , Roggen-Sauerteig*, Gewürze* (Fenchel*, Kümmel*, Brotklee*, Anis*, Koriander*), Hefe*, Meersalz*. *aus kontrolliert biologischem Anbau",1381,326,"1,5","0,1",67,"5,9",8,2,https://www.edeka24.de/Lebensmittel/Fruehstueck-Snacks/Brot-Broetchen/Bio-Gourmet-Suedtiroler-Schuettelbrot-175G.html,https://www.edeka24.de/out/pictures/generated/product/1/540_540_90/biogourmetschttelbrot.jpg
910,Lebensmittel,Frühstück & Snacks,Brot-Brötchen,Mestemacher Gourmet Pumper Nickel 250G,"1,59 €","6,36 €/kg","inkl. MwSt., zzgl. 4.95 € Versandkosten.",lieferbar innerhalb von 2-5 Werktagen,2023-05-02 23:39:50.992663,Roggenvollkornbrot,Hinweis zur Aufbewahrung: Nach dem Öffnen kühl und trocken lagern.,"Verantwortliches Lebensmittelunternehmen:
Mestemacher GmbH, Am Anger 16 - 33332 Gütersloh","Zutatenverzeichnis: ROGGENVOLLKORNSCHROT, Wasser, MALZEXTRAKT(GERSTE), Rübensirup, Salz, Hefe. Kann Spuren von SCHALENFRÜCHTEN, MILCH, SOJA und SESAM enthalten.",881,209,"2,4","0,3","36,4","6,4","5,4","1,2",https://www.edeka24.de/Lebensmittel/Fruehstueck-Snacks/Brot-Broetchen/Mestemacher-Gourmet-Pumper-Nickel-250G.html,https://www.edeka24.de/out/pictures/generated/product/1/540_540_90/mestemacherpumpernickel.jpg
911,Lebensmittel,Frühstück & Snacks,Brot-Brötchen,Schär Bon Matin glutenfrei 4ST 200G,"2,59 €","12,95 €/kg","inkl. MwSt., zzgl. 4.95 € Versandkosten.",lieferbar innerhalb von 2-5 Werktagen,2023-05-02 23:39:55.420120,Glutenfreie süße Brötchen.,Hinweis zur Aufbewahrung: Kühl und trocken lagern.,"Verantwortliches Lebensmittelunternehmen:
Dr. Schär AG / SPA, Winkelau 9, I-39014 Burgstall / Postal (BZ)","Zutatenverzeichnis: Reismehl, Maisstärke, Wasser, Zucker, EI, Reisstärke, pflanzliche Margarine (Palmfett, Wasser, Rapsöl, Salz, Emulgator: Mono- und Diglyceride von Speisefettsäuren; Säuerungsmittel: Zitronensäure; natürliches Aroma), Glukosesirup, pflanzliche Faser (Psyllium), Verdickungsmittel: Guarkernmehl, Hydroxypropylmethylcellulose; Hefe, Emulgator: Mono- und Diglyzeride von Speisefettsäuren; Salz, Säuerungsmittel: Zitronensäure; Aroma. Kann Spuren von SOJA, LUPINEN und SENF enthalten",1201,285,"7,3","3,1",50,14,"2,7","0,60",https://www.edeka24.de/Lebensmittel/Fruehstueck-Snacks/Brot-Broetchen/Schaer-Bon-Matin-glutenfrei-4ST-200G.html,https://www.edeka24.de/out/pictures/generated/product/1/540_540_90/schrbonmatin.jpg
912,Lebensmittel,Frühstück & Snacks,Fertige Kuchen,Gut & Günstig Mini Gugelhupf Zitrone 250G,"1,79 €","7,16 €/kg","inkl. MwSt., zzgl. 4.95 € Versandkosten.",lieferbar innerhalb von 2-5 Werktagen,2023-05-02 23:39:59.999431,Rührkuchen mit Zitronengeschmack,,"Verantwortliches Lebensmittelunternehmen:
EDEKA ZENTRALE Stiftung & Co. KG, D-22291 Hamburg","Zutatenverzeichnis: Zucker, EIER, WEIZENMEHL, WEIZENSTÄRKE, Rapsöl, Palmfett, SÜßMOLKENPULVER, Feuchthaltemittel: Glycerin; Dextrose, Reismehl, Glukose-Fruktose-Sirup, Speisesalz, 0,5% Zitronenschalenöl, Limettenschalenöl, Backtriebmittel: Diphosphate, Natriumcarbonate; Emulgator: Mono- und Diglyceride von Speisefettsäuren; natürliches Aroma. Das Produkt kann Spuren von SCHALENFRÜCHTEN enthalten.",1741,416,20,"5,4",57,29,"4,8","0,8",https://www.edeka24.de/Lebensmittel/Fruehstueck-Snacks/Fertige-Kuchen/Gut-Guenstig-Mini-Gugelhupf-Zitrone-250G.html,https://www.edeka24.de/out/pictures/generated/product/1/540_540_90/gutampampgamp220nstig_mini_gugelhupf_zitrone_250g.jpg
913,Lebensmittel,Frühstück & Snacks,Fertige Kuchen,Bahlsen Comtess Marzipan Kuchen 350G,"2,99 €","8,54 €/kg","inkl. MwSt., zzgl. 4.95 € Versandkosten.",lieferbar innerhalb von 2-5 Werktagen,2023-05-02 23:40:03.852637,Saftiger Rührkuchen mit Marzipangeschmack und kakaohaltiger Fettglasur,"Hinweis zur Aufbewahrung: Trocken lagern, vor Wärme schützen.","Verantwortliches Lebensmittelunternehmen:
Bahlsen GmbH & Co. KG, Podbielskistraße 11, D-30163 Hannover","Zutatenverzeichnis: WEIZENMEHL, pflanzliche Fette (Palm), Zucker, HÜHNERVOLLEI, Glukose-Fruktose-Sirup, MILCHZUCKER, fettarmes Kakaopulver, gemahlene MANDELN, Alkohol, Backtriebmittel: Diphosphate, Natriumcarbonate; Emulgatoren: Mono- und Diglyceride von Speisefettsäuren, Lecithine, Sorbitantristearat; Salz, Stärke (WEIZEN), Aromen, Invertzuckersirup, färbender Pflanzenextrakt (Curcuma). Auf der Anlage werden auch verarbeitet: SOJA, HASELNÜSSE, WALNÜSSE, PISTAZIEN.",464,1938,27,15,49,32,"5,5","0,45",https://www.edeka24.de/Lebensmittel/Fruehstueck-Snacks/Fertige-Kuchen/Bahlsen-Comtess-Marzipan-Kuchen-350G.html,https://www.edeka24.de/out/pictures/generated/product/1/540_540_90/bahlsen_comtess_marzipan_kuchen_350_g.jpg
914,Lebensmittel,Frühstück & Snacks,Fertige Kuchen,Milka Tender Milch Minis 150G,"2,49 €","16,60 €/kg","inkl. MwSt., zzgl. 4.95 € Versandkosten.",lieferbar innerhalb von 2-5 Werktagen,2023-05-02 23:40:09.796329,"Biskuit-Rolle mit einer Milchcrèmefüllung (22 %), überzogen mit Alpenmilchschokolade (29 %).",Hinweis zur Aufbewahrung: Trocken lagern und vor Wärme schützen.,"Verantwortliches Lebensmittelunternehmen:
Mondelez Deutschland, D-28078 Bremen","Zutatenverzeichnis: Zucker, WEIZENMEHL, EIER, Glukosesirup, Feuchthaltemittel (Sorbit, Glycerin), pflanzliche Fette (Palme, Palmkern), MAGERMILCHPULVER, Kakaobutter, Kakaomasse, Molkenpulver (aus MILCH), WEIZENSTÄRKE, MILCHFETT, VOLLMILCHPULVER, Glukose-Fruktose-Sirup, Rapsöl, Alkohol, Emulgatoren (SOJALECITHINE, E471, E475, E476), Backtriebmittel (Diphosphate, Natriumcarbonate), Speisesalz, Aromen, Verdickungsmittel (Xanthangummi). Kann NÜSSE enthalten.",1905,454,19,11,65,37,"7,1","0,58",https://www.edeka24.de/Lebensmittel/Fruehstueck-Snacks/Fertige-Kuchen/Milka-Tender-Milch-Minis-150G.html,https://www.edeka24.de/out/pictures/generated/product/1/540_540_90/milka_tender_milch_minis_150g.jpg
915,Lebensmittel,Frühstück & Snacks,Fertige Kuchen,Milka Choco Brownie 6ST 150G,"1,99 €","13,27 €/kg","inkl. MwSt., zzgl. 4.95 € Versandkosten.",lieferbar innerhalb von 2-5 Werktagen,2023-05-02 23:40:13.855934,"Kuchen mit Schokolade (5%), Alpenmilchschokolade (9%), Milchschokolade (2,5%) und Alpenmilchschokoladestükchen (6%)",Hinweis zur Aufbewahrung: Trocken lagern und vor Wärme schützen.,"Verantwortliches Lebensmittelunternehmen:
Mondelez Deutschland GmbH, 28078 Bremen","Zutatenverzeichnis: Zucker, EI, Palmöl, WEIZENMEHL, Rapsöl, Kakaomasse, Kakaobutter, Glukosesirup, Feuchthaltemittel (Glycerin), VOLLMILCHPULVER, fettarmes Kakaopulver, MAGERMILCHPULVER, Emulgatoren (E492, SOJALECITHINE, E476), gesüsste KONDENSMAGERMILCH, Molkenpulver (aus MILCH), BUTTERREINFETT, Stärke, Speisesalz, Konservierungsstoff (Kaliumsorbat), Säureregulator (Citronensäure), Geliermittel (Natriumalginat), Backtriebmittel (Natriumcarbonate, Diphosphate), Aromen. Kann enthalten: NÜSSE, SESAM.",1954,468,27,12,50,38,5,"0,38",https://www.edeka24.de/Lebensmittel/Fruehstueck-Snacks/Fertige-Kuchen/Milka-Choco-Brownie-6ST-150G.html,https://www.edeka24.de/out/pictures/generated/product/1/540_540_90/milka_choco_brownie_150_g.jpg
916,Lebensmittel,Frühstück & Snacks,Fertige Kuchen,Bahlsen Comtess Zitronen Kuchen 350G,"2,99 €","8,54 €/kg","inkl. MwSt., zzgl. 4.95 € Versandkosten.",lieferbar innerhalb von 2-5 Werktagen,2023-05-02 23:40:17.854223,Saftiger Zitronen-Rührkuchen mit dekorativer Fettglasur mit Zitronengeschmack,Hinweis zur Aufbewahrung: Vor Wärme schützen.,"Verantwortliches Lebensmittelunternehmen:
Bahlsen GmbH & Co. KG, Podbielskistraße 11, D-30163 Hannover","Zutatenverzeichnis: WEIZENMEHL, Zucker, pflanzliche Fette (Palm), HÜHNERVOLLEI, Glukose-Fruktose-Sirup, MILCHZUCKER, Alkohol, Backtriebmittel: Diphosphate, Natriumcarbonate; Säuerungsmittel: Citronensäure; Salz, Stärke (WEIZEN), Emulgatoren: Mono- und Diglyceride von Speisefettsäuren, Lecithine, Sorbitantristearat; Zitronenöl, färbender Pflanzenextrakt (Curcuma), Aroma.",1782,426,22,11,51,30,"5,1","0,56",https://www.edeka24.de/Lebensmittel/Fruehstueck-Snacks/Fertige-Kuchen/Bahlsen-Comtess-Zitronen-Kuchen-350G.html,https://www.edeka24.de/out/pictures/generated/product/1/540_540_90/bahlsen_comtess_zitronen_kuchen_350_g.jpg
917,Lebensmittel,Frühstück & Snacks,Fertige Kuchen,Bahlsen Comtess Marmor Kuchen 350G,"2,99 €","8,54 €/kg","inkl. MwSt., zzgl. 4.95 € Versandkosten.",lieferbar innerhalb von 2-5 Werktagen,2023-05-02 23:40:21.551414,Saftiger Rührkuchen mit kakaohaltiger Fettglasur - mit Kakao-Cocktail,Hinweis zur Aufbewahrung: Vor Wärme schützen.,"Verantwortliches Lebensmittelunternehmen:
Bahlsen GmbH & Co. KG, Podbielskistraße 11, D-30163 Hannover","Zutatenverzeichnis: WEIZENMEHL, Zucker, pflanzliche Fette (Palm), HÜHNERVOLLEI, Glukose-Fruktose-Sirup, fettarmes Kakaopulver (2,5%), MILCHZUCKER, Alkohol, Backtriebmittel: Diphosphate, Natriumcarbonate; Emulgatoren: Mono- und Diglyceride von Speisefettsäuren, Lecithine, Sorbitantristearat; Salz, Stärke (WEIZEN), Aromen, färbender Pflanzenextrakt (Curcuma).",1896,454,25,14,51,33,"5,2","0,53",https://www.edeka24.de/Lebensmittel/Fruehstueck-Snacks/Fertige-Kuchen/Bahlsen-Comtess-Marmor-Kuchen-350G.html,https://www.edeka24.de/out/pictures/generated/product/1/540_540_90/bahlsen_comtess_marmor_kuchen_350_g.jpg
918,Lebensmittel,Frühstück & Snacks,Fertige Kuchen,Bahlsen Comtess Schoko Kuchen 350G,"2,99 €","8,54 €/kg","inkl. MwSt., zzgl. 4.95 € Versandkosten.",lieferbar innerhalb von 2-5 Werktagen,2023-05-02 23:40:24.576231,Saftiger Schokoladen-Rührkuchen mit kakaohaltiger Fettglasur,Hinweis zur Aufbewahrung: Vor Wärme schützen.,"Verantwortliches Lebensmittelunternehmen:
Bahlsen GmbH & Co. KG, Podbielskistraße 11, D-30163 Hannover","Zutatenverzeichnis: Pflanzliche Fette (Palm), Zucker, WEIZENMEHL, HÜHNERVOLLEI, Glukose-Fruktose-Sirup, fettarmes Kakaopulver 3,1%, MILCHZUCKER, Alkohol, Backtriebmittel: Diphosphate, Natriumcarbonate; Emulgatoren: Mono- und Diglyceride von Speisefettsäuren, Lecithine, Sorbitantristearat; Salz, Stärke (WEIZEN), VOLLMILCHPULVER, Aromen. Auf der Anlage werden auch verarbeitet: SOJA, MANDELN, HASELNÜSSE, WALNÜSSE.",447,1866,25,14,49,32,"5,2","0,55",https://www.edeka24.de/Lebensmittel/Fruehstueck-Snacks/Fertige-Kuchen/Bahlsen-Comtess-Schoko-Kuchen-350G.html,https://www.edeka24.de/out/pictures/generated/product/1/540_540_90/bahlsen_comtess_schoko_kuchen_350_g(1).jpg
919,Lebensmittel,Frühstück & Snacks,Fertige Kuchen,Milka Cake & Choc 175G,"1,99 €","11,37 €/kg","inkl. MwSt., zzgl. 4.95 € Versandkosten.",lieferbar innerhalb von 2-5 Werktagen,2023-05-02 23:40:27.956529,Kuchen mit Alpenmilchschokoladenstückchen und Schokoladefüllung.,Hinweis zur Aufbewahrung: Trocken lagern und vor Wärme schützen.,"Verantwortliches Lebensmittelunternehmen:
Mondelez Deutschland, D-28078 Bremen","Zutatenverzeichnis: WEIZENMEHL, Zucker, Glukose-Fruktose-Sirup, Rapsöl, EIER, Stabilisator (Glycerin), Kakaomasse, VOLLMILCHPULVER, Kakaobutter, MAGERMILCHPULVER, WEIZENSTÄRKE, Backtriebmittel (Diphosphate, Kaliumcarbonate), fettarmes Kakaopulver, Süßmolkenpulver (aus MILCH), Speisesalz, Emulgatoren (SOJALECITHINE, E472b, E475), Aromen (Enthält MILCH), Glukosesirup, Verdickungsmittel (Xanthan). Kann NÜSSE enthalten.",1799,429,21,"4,1","56,5",31,"5,4","0,6",https://www.edeka24.de/Lebensmittel/Fruehstueck-Snacks/Fertige-Kuchen/Milka-Cake-Choc-175G.html,https://www.edeka24.de/out/pictures/generated/product/1/540_540_90/milka_cake_amp_choc_5x_35_g.jpg
920,Lebensmittel,Frühstück & Snacks,Fertige Kuchen,Bahlsen Comtess Choco-Chips Kuchen 350G,"2,99 €","8,54 €/kg","inkl. MwSt., zzgl. 4.95 € Versandkosten.",lieferbar innerhalb von 2-5 Werktagen,2023-05-02 23:40:31.629788,"Saftiger Rührkuchen mit Schoko-Stückchen (5,0 %) und kakaohaltiger Fettglasur",Hinweis zur Aufbewahrung: Vor Wärme schützen.,"Verantwortliches Lebensmittelunternehmen:
Bahlsen GmbH & Co. KG, Podbielskistraße 11, D-30163 Hannover","Zutatenverzeichnis: Zucker, WEIZENMEHL, pflanzliche Fette (Palm), HÜHNERVOLLEI, Glukose-Fruktose-Sirup, MILCHZUCKER, Kakaomasse, fettarmes Kakaopulver, Alkohol, Backtriebmittel: Diphosphate, Natriumcarbonate; Emulgatoren: Mono- und Diglyceride von Speisefettsäuren, Lecithine, Sorbitantristearat; Salz, Stärke (WEIZEN), VOLLMILCHPULVER, Aromen, Kakaobutter, färbender Pflanzenextrakt (Curcuma), Glukosesirup.",452,1890,25,14,51,34,"4,8","0,48",https://www.edeka24.de/Lebensmittel/Fruehstueck-Snacks/Fertige-Kuchen/Bahlsen-Comtess-Choco-Chips-Kuchen-350G.html,https://www.edeka24.de/out/pictures/generated/product/1/540_540_90/bahlsencomtesschocochips.jpg
921,Lebensmittel,Frühstück & Snacks,Fertige Kuchen,Milka Choc & Choc 175G,"1,99 €","11,37 €/kg","inkl. MwSt., zzgl. 4.95 € Versandkosten.",lieferbar innerhalb von 2-5 Werktagen,2023-05-02 23:40:35.166842,Kuchen mit Füllung (24 %) und überzogen mit Alpenmilch-Schokolade (32%).,Hinweis zur Aufbewahrung: Trocken lagern und vor Wärme schützen.,"Verantwortliches Lebensmittelunternehmen:
Mondelez Deutschland, D-28078 Bremen","Zutatenverzeichnis: Zucker, WEIZENMEHL, Glukose-Fruktose-Sirup, EIER, Rapsöl, Kakaobutter, MAGERMILCHPULVER, Süßmolkenpulver (aus MILCH), Kakaomasse, Stabilisator (Glycerin), Kartoffelstärke, fettarmes Kakaopulver (1,5 %), BUTTERREINFETT, Sheafett, Emulgatoren (SOJALECITHINE, E475, E471, E476), Backtriebmittel (Diphosphate, Natriumcarbonate), Speisesalz, HASELNUSSMASSE, modifizierte Stärke, Verdickungsmittel (Xanthan), Aromen.",1901,454,22,"7,9",58,40,"5,6","0,58",https://www.edeka24.de/Lebensmittel/Fruehstueck-Snacks/Fertige-Kuchen/Milka-Choc-Choc-175G.html,https://www.edeka24.de/out/pictures/generated/product/1/540_540_90/milka_soft_choc_amp_choc_175_g.jpg
922,Lebensmittel,Frühstück & Snacks,Fertige Kuchen,Milka Choco Brookie 132G,"1,99 €","15,08 €/kg","inkl. MwSt., zzgl. 4.95 € Versandkosten.",lieferbar innerhalb von 2-5 Werktagen,2023-05-02 23:40:39.106151,"Kuchen mit Schokolade (4,5%), Alpenmilch-Schokolade (4,5%), Milchschokolade (2%) und Alpenmilch-Schokoladentropfen (7%).",Hinweis zur Aufbewahrung: Trocken lagern und vor Wärme schützen.,"Verantwortliches Lebensmittelunternehmen:
Mondelez Deutschland GmbH, 28078 Bremen","Zutatenverzeichnis: Zucker, WEIZENMEHL, EI, Palmöl, BUTTEREINFETT, Kakaomasse, Feuchthaltemittel (Glycerin), Rapsöl, Kakaobutter, Glukosesirup, VOLLMILCHPULVER, Molkenpulver (aus MILCH), Kakaopulver, Emulgatoren (E492, SOJALECITHINE, E476), Maisstärke, MAGERMILCHPULVER, gesüsste KONDENSMAGERMILCH, Speisesalz, Konservierungsmittel (Kaliumsorbat), Backtriebmittel (Natriumcarbonate, Diphosphate, Ammoniumcarbonate), Säureregulator (Citronensäure), Geliermittel (Natriumalginat), Aromen, Verdickungsmittel (Xanthan), Farbstoff (Carotin). KANN ENTHALTEN: NÜSSE, SESAM.",1949,466,26,12,54,35,"5,2","0,43",https://www.edeka24.de/Lebensmittel/Fruehstueck-Snacks/Fertige-Kuchen/Milka-Choco-Brookie-132G.html,https://www.edeka24.de/out/pictures/generated/product/1/540_540_90/milka_brownie_brookie_132g.jpg
923,Lebensmittel,Frühstück & Snacks,Fertige Kuchen,Pico Madeleines 250G,"2,39 €","9,56 €/kg","inkl. MwSt., zzgl. 4.95 € Versandkosten.",lieferbar innerhalb von 2-5 Werktagen,2023-05-02 23:40:42.211431,Französisches Feingebäck,Hinweis zur Aufbewahrung: Wärmegeschützt und trocken lagern,"Verantwortliches Lebensmittelunternehmen:
PICO Food GmbH, Bietigheimer Str. 58, 71732 Tamm","Zutatenverzeichnis: WEIZENMEHL, EIER 23,%, Zucker, Rapsöl, Glukose-Fruktose-Sirup, Feuchthaltemittel (Sorbit), Aromen, Salz, Backtriebmittel (E 450, E 500), Emulgator (E 475, E 471), Reisstärke. Kann Spuren von MILCH enthalten.",1857,444,22,"2,1",54,27,"6,4","0,79",https://www.edeka24.de/Lebensmittel/Fruehstueck-Snacks/Fertige-Kuchen/Pico-Madeleines-250G.html,https://www.edeka24.de/out/pictures/generated/product/1/540_540_90/picomadeleines.jpg
924,Lebensmittel,Frühstück & Snacks,Fertige Kuchen,Bahlsen Comtess Haselnuss 350G,"2,99 €","8,54 €/kg","inkl. MwSt., zzgl. 4.95 € Versandkosten.",lieferbar innerhalb von 2-5 Werktagen,2023-05-02 23:40:45.665762,Rührkuchen mit Haselnüssen und Kakaohaltigem Fettglasurdekor,"Hinweis zur Aufbewahrung: Trocken lagern, vor Wärme schützen.","Verantwortliches Lebensmittelunternehmen:
Bahlsen, 30001 Hannover","Zutatenverzeichnis: Zucker, WEIZENMEHL, pflanzliche Fette (Palm), HÜHNERVOLLEI, Glukose-Fruktose-Sirup, gemahlene HASELNÜSSE (3,5%), Alkohol, Stärke (WEIZEN), Backtriebmittel: Diphosphate, Natriumcarbonate; fettarmes Kakaopulver, VOLLMILCHPULVER, Aromen (HASELNÜSSE), Salz, MILCHZUCKER, Emulgatoren: Mono- und Diglyceride von Speisefettsäuren, Lecithine, Sorbitantristearat; färbender Pflanzenextrakt (Curcuma).",1859,444,23,11,53,31,"5,5","0,78",https://www.edeka24.de/Lebensmittel/Fruehstueck-Snacks/Fertige-Kuchen/Bahlsen-Comtess-Haselnuss-350G.html,https://www.edeka24.de/out/pictures/generated/product/1/540_540_90/bahlsen_comtess_haselnuss_350g.jpg
925,Lebensmittel,Frühstück & Snacks,Fertige Kuchen,Dr.Oetker Marmorkuchen 350G,"3,19 €","9,11 €/kg","inkl. MwSt., zzgl. 4.95 € Versandkosten.",lieferbar innerhalb von 2-5 Werktagen,2023-05-02 23:40:49.296419,Rührkuchen überzogen mit 11% belgischer Zartbitterschokolade,Hinweis zur Aufbewahrung: Kühl und trocken lagern.,"Verantwortliches Lebensmittelunternehmen:
Dr. August Oetker Nahrungsmittel KG, 33547 Bielefeld","Zutatenverzeichnis: Zucker, WEIZENMEHL, HÜHNERVOLLEI, 14% Rapsöl, Zartbitterschokolade (Kakaomasse, Zucker, Kakaobutter, BUTTERREINFETT, Emulgator (Lecithine (SOJA))), Wasser, Feuchthaltemittel (Glycerin, Sorbit), WEIZENSTÄRKE, 1,7% fettarmes Kakaopulver, Glukose-Fruktose-Sirup, Maltodextrin, Emulgator (Mono- und Diglyceride von Speisefettsäuren), Backtriebmittel (Diphosphate, Natriumcarbonate), natürliches Aroma, Säureregulator (Natriumacetate). Kann enthalten:MANDELN, HASELNÜSSE, WALNÜSSE, PEKANNÜSSE.",1938,464,25,"5,9",56,30,"5,6","0,67",https://www.edeka24.de/Lebensmittel/Fruehstueck-Snacks/Fertige-Kuchen/Dr-Oetker-Marmorkuchen-350G-oxid.html,https://www.edeka24.de/out/pictures/generated/product/1/540_540_90/oetkermarmor.jpg
926,Lebensmittel,Frühstück & Snacks,Fertige Kuchen,Bahlsen Comtess Baileys 350G,"2,99 €","8,54 €/kg","inkl. MwSt., zzgl. 4.95 € Versandkosten.",lieferbar innerhalb von 2-5 Werktagen,2023-05-02 23:40:52.681012,Rührkuchen mit Irish Cream Sahnelikörgeschmack und kakohaltigem Fettglasur-Dekor.,"Hinweis zur Aufbewahrung: Trocken lagern, vor Wärme schützen.","Verantwortliches Lebensmittelunternehmen:
Bahlsen, 30001 Hannover","Zutatenverzeichnis: WEIZENMEHL, Zucker, pflanzliche Fette (Palm), HÜHNERVOLLEI, Glukose-Fruktose-Sirup, Alkohol, fettarmes Kakaopulver, Backtriebmittel: Diphosphate, Natriumcarbonate; VOLLMILCHPULVER, Irishcream-Likör-Aroma, Salz, MILCHZUCKER, Stärke (WEIZEN), Emulgatoren: Mono- und Diglyceride von Speisefettsäuren, Lecithine, Sorbitantristearat; Aromen, färbender Pflanzenextrakt (Curcuma). Auf der Anlage werden auch verarbeitet: SOJA, MANDELN, HASELNÜSSE, WALNÜSSE.",1793,429,23,11,50,31,"4,8","0,5",https://www.edeka24.de/Lebensmittel/Fruehstueck-Snacks/Fertige-Kuchen/Bahlsen-Comtess-Baileys-350G.html,https://www.edeka24.de/out/pictures/generated/product/1/540_540_90/bahlsencomtessbaileys.jpg
927,Lebensmittel,Frühstück & Snacks,Fertige Kuchen,Pico Madeleines mit Kakao 250G,"2,49 €","9,96 €/kg","inkl. MwSt., zzgl. 4.95 € Versandkosten.",lieferbar innerhalb von 2-5 Werktagen,2023-05-02 23:40:56.459453,Französisches Feingebäck,Hinweis zur Aufbewahrung: Wärmegeschützt und trocken lagern,"Verantwortliches Lebensmittelunternehmen:
PICO Food GmbH, D-71732 Tamm","Zutatenverzeichnis: WEIZENMEHL, EIER 24,5%, Zucker, Rapsöl, Glukose-Fruktose-Sirup, Feuchthaltemittel (Sorbit), Kakaopulver 1%, Aroma, Salz, Backtriebmittel (E 450, E 500), Emulgator (E 475, E 471), Reisstärke.",1928,461,25,"2,4",52,29,"6,6","0,82",https://www.edeka24.de/Lebensmittel/Fruehstueck-Snacks/Fertige-Kuchen/Pico-Madeleines-mit-Kakao-250G.html,https://www.edeka24.de/out/pictures/generated/product/1/540_540_90/-4004363000406_iq.jpg
928,Lebensmittel,Frühstück & Snacks,Fertige Kuchen,Bahlsen Comtess Eierlikör Kuchen 350G,"2,99 €","8,54 €/kg","inkl. MwSt., zzgl. 4.95 € Versandkosten.",lieferbar innerhalb von 2-5 Werktagen,2023-05-02 23:41:00.258565,Saftiger Rührkuchen mit Eierlikör-Geschmack und kakaohaltigem Fettglasurdekor,"Hinweis zur Aufbewahrung: Trocken lagern, vor Wärme schützen.","Verantwortliches Lebensmittelunternehmen:
Bahlsen GmbH & Co. KG, Podbielskistraße 11, 30163 Hannover","Zutatenverzeichnis: WEIZENMEHL, Zucker, pflanzliche Fette (Palm), HÜHNERVOLLEI, Glukose-Fruktose-Sirup, MILCHZUCKER, Aromen, Alkohol, Backtriebmittel: Diphosphate, Natriumcarbonate; fettarmes Kakaopulver, Rum, Salz, Emulgatoren: Mono- und Diglyceride von Speisefettsäuren, Lecithine, Sorbitantristearat; Stärke (WEIZEN), färbender Pflanzenextrakt (Curcuma).",437,1828,23,11,52,30,"4,9","0,55",https://www.edeka24.de/Lebensmittel/Fruehstueck-Snacks/Fertige-Kuchen/Bahlsen-Comtess-Eierlikoer-Kuchen-350G.html,https://www.edeka24.de/out/pictures/generated/product/1/540_540_90/bahlsencomtesseierlikr.jpg
929,Lebensmittel,Frühstück & Snacks,Fertige Kuchen,Coppenrath Torteletts 200G,"1,89 €","9,45 €/kg","inkl. MwSt., zzgl. 4.95 € Versandkosten.",lieferbar innerhalb von 2-5 Werktagen,2023-05-02 23:41:03.867144,Mürbegebäck Torteletts,Hinweis zur Aufbewahrung: Trocken lagern und vor Wärme schützen.,"Verantwortliches Lebensmittelunternehmen:
Coppenrath Feingebäck GmbH, 49744 Geeste","Zutatenverzeichnis: WEIZENMEHL, Zucker, Palmfett, VOLLEI, Glukosesirup, Maisstärke, SOJAMEHL, Bourbon Vanilleschotenpulver, Zitronenschale, Glukose-Fruktose-Sirup, Salz, Backtriebmittel (Ammoniumhydrogencarbonat, Natriumhydrogencarbonat), Emulgator (Lecithine (SOJA)). Kann Spuren von Milch und Schalenfrüchten enthalten.",2068,493,22,11,66,23,"6,8","0,63",https://www.edeka24.de/Lebensmittel/Fruehstueck-Snacks/Fertige-Kuchen/Coppenrath-Torteletts-200G.html,https://www.edeka24.de/out/pictures/generated/product/1/540_540_90/coppenrath_torteletts_2x_4_stck_200_g.jpg
930,Lebensmittel,Frühstück & Snacks,Knäckebrot-Zwieback-Getreidewaffeln,Alnatura Bio Reiswaffeln Meersalz 100G,"1,05 €","10,50 €/kg","inkl. MwSt., zzgl. 4.95 € Versandkosten.",lieferbar innerhalb von 2-5 Werktagen,2023-05-02 23:41:07.309702,"Bio Reiswaffeln mit Salz, glutenfrei",Hinweis zur Aufbewahrung: Bitte trocken lagern. Angebrochene Packung gut verschließen.,"Verantwortliches Lebensmittelunternehmen:
Alnatura Produktions- und Handels GmbH, Mahatma-Gandhi-Str. 7, 64295 Darmstadt","Zutatenverzeichnis: Vollkornreis* 99 %, SESAM*, Meersalz *aus biologischer Landwirtschaft . Kann Spuren von SESAM enthalten.",1650,389,3,"0,6",80,"0,9","7,9","0,28",https://www.edeka24.de/index.php?cl=details&anid=55586b99dc3903a4895a3cd96ca64654&emcs0=3&emcs1=Kategorieseite%20-%20Topseller&emcs2=&emcs3=4072239003,https://www.edeka24.de/out/pictures/generated/product/1/540_540_90/bio_alnatura_reiswaffelnmit_salz_100g.jpg
931,Lebensmittel,Frühstück & Snacks,Knäckebrot-Zwieback-Getreidewaffeln,Alnatura Bio Maiswaffeln natur 110G,"0,89 €","8,09 €/kg","inkl. MwSt., zzgl. 4.95 € Versandkosten.",lieferbar innerhalb von 2-5 Werktagen,2023-05-02 23:41:10.477885,-,Hinweis zur Aufbewahrung: Bitte trocken lagern. Angebrochene Packung gut verschließen.,"Verantwortliches Lebensmittelunternehmen:
Alnatura Produktions- und Handels GmbH, Mahatma-Gandhi-Str. 7, 64295 Darmstadt","Zutatenverzeichnis: Mais*. *aus biologischer Landwirtschaft. Kann Spuren von SOJA, MILCH und SESAM enthalten.",1647,388,"0,9","0,1",86,"0,5","7,3","0,01",https://www.edeka24.de/index.php?cl=details&anid=9388966028a36d9d83cf0c9a46445570&emcs0=3&emcs1=Kategorieseite%20-%20Topseller&emcs2=&emcs3=2969464006,https://www.edeka24.de/out/pictures/generated/product/1/540_540_90/alnauramaiswaffelnatur.jpg
932,Lebensmittel,Frühstück & Snacks,Knäckebrot-Zwieback-Getreidewaffeln,Alnatura Bio Maiswaffeln mit Meersalz 110G,"1,05 €","9,55 €/kg","inkl. MwSt., zzgl. 4.95 € Versandkosten.",lieferbar innerhalb von 2-5 Werktagen,2023-05-02 23:41:13.553494,"Bio Maiswaffeln mit Salz, glutenfrei",Hinweis zur Aufbewahrung: Bitte trocken lagern. Angebrochene Packung gut verschließen.,"Verantwortliches Lebensmittelunternehmen:
Alnatura GmbH, Mahatma-Gandhi-Straße 7, 64295 Darmstadt","Zutatenverzeichnis: Mais* 99,7 %, Meersalz *aus biologischer Landwirtschaft . Kann Spuren von SOJA enthalten.",1576,371,1,"0,3",83,"0,7",6,"0,3",https://www.edeka24.de/index.php?cl=details&anid=31a099a85ff98c1355a1b86ce7332f28&emcs0=3&emcs1=Kategorieseite%20-%20Topseller&emcs2=&emcs3=2969462000,https://www.edeka24.de/out/pictures/generated/product/1/540_540_90/alnaturamaiswaffel.jpg
933,Lebensmittel,Frühstück & Snacks,Knäckebrot-Zwieback-Getreidewaffeln,EDEKA Bio Reiswaffeln natur 100G,"0,89 €","8,90 €/kg","inkl. MwSt., zzgl. 4.95 € Versandkosten.",lieferbar innerhalb von 2-5 Werktagen,2023-05-02 23:41:17.021640,Reiswaffeln ungesalzen mit Sesam,"Hinweis zur Aufbewahrung: Kühl und trocken lagern, nach dem Öffnen luftdicht verschließen.","Verantwortliches Lebensmittelunternehmen:
EDEKA ZENTRALE Stiftung & Co. KG, D-22291 Hamburg","Zutatenverzeichnis: 99% Reis*, SESAM*. *aus kontrolliert ökologischer Landwirtschaft. Das Produkt kann Spuren von SOJA und MILCH enthalten.",1622,383,"3,3","0,7",78,"0,6","8,6","0,01",https://www.edeka24.de/index.php?cl=details&anid=e32dabcf69a8aa4c696a76b7eb8f46c0&emcs0=3&emcs1=Kategorieseite%20-%20Topseller&emcs2=&emcs3=2056696004,https://www.edeka24.de/out/pictures/generated/product/1/540_540_90/edekabio_reiswaffelnnatur.jpg
934,Lebensmittel,Frühstück & Snacks,Knäckebrot-Zwieback-Getreidewaffeln,Alnatura Bio Mais Amaranth Waffeln mit Reis & Leinsamen 115G,"1,19 €","10,35 €/kg","inkl. MwSt., zzgl. 4.95 € Versandkosten.",lieferbar innerhalb von 2-5 Werktagen,2023-05-02 23:41:20.689816,"Bio Mais-Reis-Waffeln mit Amaranth und Leinsamen, glutenfrei",Hinweis zur Aufbewahrung: Bitte trocken lagern. Angebrochene Packung gut verschließen.,"Verantwortliches Lebensmittelunternehmen:
Alnatura Produktions- und Handels GmbH, Mahatma-Gandhi-Str. 7, 64295 Darmstadt","Zutatenverzeichnis: Mais* 83,5 %, Reis* 10 %, Amaranth* 4 %, Leinsamen* 2 %, Meersalz 0,5 %. *aus biologischer Landwirtschaft. Kann Spuren von SOJA und LUPINE enthalten.",1625,384,"3,9","1,4",75,"0,5","9,5","0,5",https://www.edeka24.de/index.php?cl=details&anid=dfd734afc2343ca39a0623319dd827b7&emcs0=3&emcs1=Kategorieseite%20-%20Topseller&emcs2=&emcs3=2969458001,https://www.edeka24.de/out/pictures/generated/product/1/540_540_90/alnatura_bio_mais_amaranth_waffeln_mit_reis_amp_leinsamen_115_g.jpg
935,Lebensmittel,Frühstück & Snacks,Knäckebrot-Zwieback-Getreidewaffeln,Brandt Markenzwieback 225G,"1,59 €","7,07 €/kg","inkl. MwSt., zzgl. 4.95 € Versandkosten.",lieferbar innerhalb von 2-5 Werktagen,2023-05-02 23:41:24.630075,Der Markenzwieback,Hinweis zur Aufbewahrung: Kühl und trocken lagern!,"Verantwortliches Lebensmittelunternehmen:
Brandt Zwieback-Schokoladen GmbH & Co. KG, Kölner Straße 32-34, D-58135 Hagen","Zutatenverzeichnis: WEIZENMEHL, Zucker, Palmöl, Frischhefe, Glukosesirup, Traubenzucker, Invertzuckersirup, GERSTENMALZEXTRAKT, Salz, SÜSSMOLKENPULVER, Emulgator (SOJALECITHINE), KONDENSMAGERMILCH",401,1693,6,"2,6",74,14,11,"0,5",https://www.edeka24.de/Lebensmittel/Fruehstueck-Snacks/Knaeckebrot-Zwieback-Getreidewaffeln/Brandt-Markenzwieback-225G.html,https://www.edeka24.de/out/pictures/generated/product/1/540_540_90/brandt_dermarkenzwieback.png
936,Lebensmittel,Frühstück & Snacks,Knäckebrot-Zwieback-Getreidewaffeln,EDEKA Bio Linsenwaffeln 90G,"1,49 €","16,56 €/kg","inkl. MwSt., zzgl. 4.95 € Versandkosten.",lieferbar innerhalb von 2-5 Werktagen,2023-05-02 23:41:27.721287,Linsenwaffeln aus roten Linsen,"Hinweis zur Aufbewahrung: Kühl und trocken lagern, nach dem Öffnen luftdicht verschliessen.","Verantwortliches Lebensmittelunternehmen:
EDEKA Zentrale Stiftung & Co. KG, 22291 Hamburg","Zutatenverzeichnis: 99,5% rote Linsen*, Meersalz. *aus kontrolliert ökologischer Landwirtschaft.",1597,378,"2,2","0,4",59,"2,4",25,"0,52",https://www.edeka24.de/Lebensmittel/Fruehstueck-Snacks/Knaeckebrot-Zwieback-Getreidewaffeln/EDEKA-Bio-Linsenwaffeln-90G.html,https://www.edeka24.de/out/pictures/generated/product/1/540_540_90/bio_edeka_linsenwaffeln_90g(1).jpg
937,Lebensmittel,Frühstück & Snacks,Knäckebrot-Zwieback-Getreidewaffeln,Filinchen Das Knusper-Brot Original 75G,"1,09 €","14,53 €/kg","inkl. MwSt., zzgl. 4.95 € Versandkosten.",lieferbar innerhalb von 2-5 Werktagen,2023-05-02 23:41:31.243429,"Waffelbrot, im Waffeleisen gebacken",Hinweis zur Aufbewahrung: Trocken lagern! nach dem Öffnen im geschlossenen Behälter aufbewahren. Nicht toasten!,"Verantwortliches Lebensmittelunternehmen:
GUTENA Nahrungsmittel GmbH, Über dem Dieterstedter Bache 10, 99510 Apolda","Zutatenverzeichnis: WEIZENMEHL, WEIZENVOLLKORNMEHL, WEIZENSTÄRKE, BUTTER, VOLLMILCHPULVER, Invertzuckersirup, Backtriebmittel: Natriumhydrogencarbonat. Kann Spuren von SOJA enthalten.",406,1716,6,4,75,2,11,"0,25",https://www.edeka24.de/Lebensmittel/Fruehstueck-Snacks/Knaeckebrot-Zwieback-Getreidewaffeln/Filinchen-Das-Knusper-Brot-Original-75G.html,https://www.edeka24.de/out/pictures/generated/product/1/540_540_90/filinchen_das_knusperbrot_original_75_g.jpg
938,Lebensmittel,Frühstück & Snacks,Knäckebrot-Zwieback-Getreidewaffeln,Alnatura Bio Schoko Reis Waffeln Vollmilch 100G,"1,29 €","12,90 €/kg","inkl. MwSt., zzgl. 4.95 € Versandkosten.",lieferbar innerhalb von 2-5 Werktagen,2023-05-02 23:41:34.665364,Bio Reiswaffeln mit Vollmilchschokolade,Hinweis zur Aufbewahrung: Bitte trocken lagern und vor Wärme schützen.,"Verantwortliches Lebensmittelunternehmen:
Alnatura GmbH, Mahatma-Gandhi-Straße 7, 64295 Darmstadt","Zutatenverzeichnis: Vollmilchschokolade* 60 % (Rohrohrzucker*, Kakaobutter*, VOLLMILCHPULVER*, Kakaomasse*), Vollkornreis* 40% *aus biologischer Landwirtschaft. Kann Spuren von SOJA enthalten.",2119,506,26,16,60,28,"6,9","0,11",https://www.edeka24.de/Lebensmittel/Fruehstueck-Snacks/Knaeckebrot-Zwieback-Getreidewaffeln/Alnatura-Bio-Schoko-Reis-Waffeln-Vollmilch-100G.html,https://www.edeka24.de/out/pictures/generated/product/1/540_540_90/alnaturaschokoreiswaffelnvm.jpg
939,Lebensmittel,Frühstück & Snacks,Knäckebrot-Zwieback-Getreidewaffeln,Alnatura Bio Mais Minis a la Sour Cream & Onion 50G,"1,19 €","23,80 €/kg","inkl. MwSt., zzgl. 4.95 € Versandkosten.",lieferbar innerhalb von 2-5 Werktagen,2023-05-02 23:41:38.438356,Bio Maiswaffeln mit Sauerrahm- und Zwiebel-Geschmack,Hinweis zur Aufbewahrung: Bitte trocken lagern und vor Wärme schützen.,"Verantwortliches Lebensmittelunternehmen:
Alnatura Produktions- und Handels GmbH, Mahatma-Gandhi-Str. 7, 64295 Darmstadt","Zutatenverzeichnis: Mais* (83%), Sonnenblumenöl*, MOLKEPULVER*, JOGHURTPULVER* (3%), Meersalz, Zwiebel* (2%), DEXTROSE*, Petersilie*, Schwarzer Pfeffer*, Knoblauch*, Rapsöl* *aus biologischer Landwirtschaft . Kann Spuren von SOJA und SESAM enthalten.",1691,400,"5,9","0,8",77,"3,1",8,"2,2",https://www.edeka24.de/Lebensmittel/Fruehstueck-Snacks/Knaeckebrot-Zwieback-Getreidewaffeln/Alnatura-Bio-Mais-Minis-a-la-Sour-Cream-Onion-50G.html,https://www.edeka24.de/out/pictures/generated/product/1/540_540_90/bio_alnatura_mais_minis_a_la_sour_creamampamponion_50g.jpg
940,Lebensmittel,Frühstück & Snacks,Knäckebrot-Zwieback-Getreidewaffeln,Wasa Knäckebrot Hafer & Sesam 230G,"2,49 €","10,83 €/kg","inkl. MwSt., zzgl. 4.95 € Versandkosten.",lieferbar innerhalb von 2-5 Werktagen,2023-05-02 23:41:42.257212,"Backware mit Vollkornroggen, Hafer und Sesamsamen",Hinweis zur Aufbewahrung: Trocken und vor Licht geschützt aufbewahren.,"Verantwortliches Lebensmittelunternehmen:
Barilla Deutschland GmbH, Bereich Wasa, Wasastraße 10, D-29229 Celle","Zutatenverzeichnis: ROGGENVOLLKORNMEHL (58%), WEIZENKLEIE, HAFERFLOCKEN (13%), SESAMSAMEN (7,6%), WEIZENKEIME, Salz. Kann Spuren von MILCH enthalten.",1396,333,5,1,46,2,13,"1,1",https://www.edeka24.de/Lebensmittel/Fruehstueck-Snacks/Knaeckebrot-Zwieback-Getreidewaffeln/Wasa-Knaeckebrot-Hafer-Sesam-230G.html,https://www.edeka24.de/out/pictures/generated/product/1/540_540_90/wasahafersesam.jpg
941,Lebensmittel,Frühstück & Snacks,Knäckebrot-Zwieback-Getreidewaffeln,Alnatura Bio Mais Amaranth Waffeln Rosmarin 150G,"0,99 €","6,60 €/kg","inkl. MwSt., zzgl. 4.95 € Versandkosten.",lieferbar innerhalb von 2-5 Werktagen,2023-05-02 23:41:45.507372,"Bio Maiswaffeln mit Amaranth und Rosmarin, glutenfrei",Hinweis zur Aufbewahrung: Bitte trocken lagern. Angebrochene Verpackung gut verschließen.,"Verantwortliches Lebensmittelunternehmen:
Alnatura Produktions- und Handels GmbH, Mahatma-Gandhi-Str. 7, 64295 Darmstadt","Zutatenverzeichnis: Mais* 94,7 %, Amaranth* 4 %, Rosmarin*, Meersalz 0,3 % *aus biologischer Landwirtschaft . Kann Spuren von HASELNUSS und SESAM enthalten.",1661,392,"2,4","0,1",83,"4,3","8,7","0,33",https://www.edeka24.de/Lebensmittel/Fruehstueck-Snacks/Knaeckebrot-Zwieback-Getreidewaffeln/Alnatura-Bio-Mais-Amaranth-Waffeln-Rosmarin-150G.html,https://www.edeka24.de/out/pictures/generated/product/1/540_540_90/alnaturamaisamarawaff.jpg
942,Lebensmittel,Frühstück & Snacks,Knäckebrot-Zwieback-Getreidewaffeln,Leicht & Cross Mein Knusperbrot Goldweizen 125G,"1,29 €","10,32 €/kg","inkl. MwSt., zzgl. 4.95 € Versandkosten.",lieferbar innerhalb von 2-5 Werktagen,2023-05-02 23:41:51.037464,Trockenflachbrot Weizen,Hinweis zur Aufbewahrung: Vor Wärme schützen. Trocken lagern.,"Verantwortliches Lebensmittelunternehmen:
Griesson - de Beukelaer, 56751 Polch","Zutatenverzeichnis: WEIZENMEHL, Zucker, Sonnenblumenöl, Salz. Zur Herstellung von 100g des Produktes werden 103g Weizenmehl verwendet. Kann Spuren enthalten von: MILCH.",1653,391,4,"0,5",73,"3,5",13,"1,2",https://www.edeka24.de/Lebensmittel/Fruehstueck-Snacks/Knaeckebrot-Zwieback-Getreidewaffeln/Leicht-Cross-Mein-Knusperbrot-Goldweizen-125G.html,https://www.edeka24.de/out/pictures/generated/product/1/540_540_90/leicht_amp_cross_weizen_125g.jpg
943,Lebensmittel,Frühstück & Snacks,Knäckebrot-Zwieback-Getreidewaffeln,Wasa Knäckebrot Roggen Traditionell 235G,"2,49 €","10,60 €/kg","inkl. MwSt., zzgl. 4.95 € Versandkosten.",lieferbar innerhalb von 2-5 Werktagen,2023-05-02 23:41:54.742924,Backware aus Roggensauerteig mit Vollkorn,Hinweis zur Aufbewahrung: Trocken und vor Licht geschützt aufbewahren.,"Verantwortliches Lebensmittelunternehmen:
Barilla Deutschland GmbH, Bereich Wasa, Wasastraße 10, D-29229 Celle","Zutatenverzeichnis: ROGGENVOLLKORNMEHL (95 g***), Vollkorn-ROGGENSAUERTEIG (ROGGENVOLLKORNMEHL, Wasser) (19 g***), Hefe, GERSTENMALZ Extrakt (2,8g***), Salz, Emulgator (Mono- und Diglyceride aus Speisefettsäuren), Salz.Kann Spuren von SESAMSAMEN und MILCH enthalten.***in g pro 100 g Produkt.",1416,336,2,"0,5",60,"0,3",10,"1,2",https://www.edeka24.de/Lebensmittel/Fruehstueck-Snacks/Knaeckebrot-Zwieback-Getreidewaffeln/Wasa-Knaeckebrot-Roggen-Traditionell-235G.html,https://www.edeka24.de/out/pictures/generated/product/1/540_540_90/wasaroggentraditionell.jpg
944,Lebensmittel,Frühstück & Snacks,Knäckebrot-Zwieback-Getreidewaffeln,Alnatura Bio Knäcke-Brot Delikatess 250G,"1,79 €","7,16 €/kg","inkl. MwSt., zzgl. 4.95 € Versandkosten.",lieferbar innerhalb von 2-5 Werktagen,2023-05-02 23:41:57.932645,Bio Vollkornknäckebrot aus Roggen,Hinweis zur Aufbewahrung: Bitte trocken lagern.,"Verantwortliches Lebensmittelunternehmen:
Alnatura GmbH, Darmstädter Str. 63, 64404 Bickenbach","Zutatenverzeichnis: ROGGENVOLLKORNMEHL* 94%, Meersalz *aus biologischer Landwirtschaft . Kann Spuren von SESAM enthalten.",1412,335,"1,8","0,3",63,"2,4","8,6","1,5",https://www.edeka24.de/Lebensmittel/Fruehstueck-Snacks/Knaeckebrot-Zwieback-Getreidewaffeln/Alnatura-Bio-Knaecke-Brot-Delikatess-250G.html,https://www.edeka24.de/out/pictures/generated/product/1/540_540_90/alnaturaknckeedeli.jpg
945,Lebensmittel,Frühstück & Snacks,Knäckebrot-Zwieback-Getreidewaffeln,Wasa Knäckebrot Crisp Original 200G,"2,39 €","11,95 €/kg","inkl. MwSt., zzgl. 4.95 € Versandkosten.",lieferbar innerhalb von 2-5 Werktagen,2023-05-02 23:42:00.924774,Knäckebrot aus Vollkornroggen,Hinweis zur Aufbewahrung: Trocken und vor Licht geschützt aufbewahren,"Verantwortliches Lebensmittelunternehmen:
Barilla Deutschland GmbH, Bereich Wasa, Wasastraße 10, D-29229 Celle","Zutatenverzeichnis: ROGGENVOLLKORNMEHL, ROGGENSAUERTEIG (ROGGENVOLLKORNMEHL, Wasser), ROGGENKLEIE, Hefe, Salz.",1450,340,2,"0,4","61,5",3,10,"1,13",https://www.edeka24.de/Lebensmittel/Fruehstueck-Snacks/Knaeckebrot-Zwieback-Getreidewaffeln/Wasa-Knaeckebrot-Crisp-Original-200G.html,https://www.edeka24.de/out/pictures/generated/product/1/540_540_90/wasa_knckebrot_crisp_original_200_g(1).jpg
946,Lebensmittel,Frühstück & Snacks,Knäckebrot-Zwieback-Getreidewaffeln,Filinchen Das Knusper-Brot Vital 75G,"1,09 €","14,53 €/kg","inkl. MwSt., zzgl. 4.95 € Versandkosten.",lieferbar innerhalb von 2-5 Werktagen,2023-05-02 23:42:04.615130,"Waffelbrot, im Waffeleisen gebacken",Hinweis zur Aufbewahrung: Trocken lagern! Nach dem Öffnen im geschlossenen Behälter aufbewahren. Nicht toasten!,"Verantwortliches Lebensmittelunternehmen:
GUTENA Nahrungsmittel GmbH, Über dem Dieterstedter Bache 10, 9510 Apolda","Zutatenverzeichnis: WEIZENMEHL, WEIZENVOLLKORNMEHL, HAFERMEHL, Palmfett, WEIZENKEIME, Emulgator: SOJALECITHINE, Backtriebmittel: Natriumhydrogencarbonat, Kaliumcarbonat.",1687,399,5,1,73,1,13,"0,13",https://www.edeka24.de/Lebensmittel/Fruehstueck-Snacks/Knaeckebrot-Zwieback-Getreidewaffeln/Filinchen-Das-Knusper-Brot-Vital-75G.html,https://www.edeka24.de/out/pictures/generated/product/1/540_540_90/weissenfvital_filinchen_75g.jpg
947,Lebensmittel,Frühstück & Snacks,Knäckebrot-Zwieback-Getreidewaffeln,Alnatura Bio Honig Reis Waffeln 3ST 96G,"1,89 €","19,69 €/kg","inkl. MwSt., zzgl. 4.95 € Versandkosten.",lieferbar innerhalb von 2-5 Werktagen,2023-05-02 23:42:08.103538,-,Hinweis zur Aufbewahrung: Bitte trocken lagern und vor Wärme schützen.,"Verantwortliches Lebensmittelunternehmen:
Alnatura GmbH, Mahatma-Gandhi-Straße 7, 64295 Darmstadt","Zutatenverzeichnis: Vollkornreis* 80,4%, Honig* 19,6% * aus biologischer Landwirtschaft . Kann Spuren von SOJA, MILCH und SESAM enthalten.",1600,378,"2,6","0,6",80,19,"7,1","0,01",https://www.edeka24.de/Lebensmittel/Fruehstueck-Snacks/Knaeckebrot-Zwieback-Getreidewaffeln/Alnatura-Bio-Honig-Reis-Waffeln-3ST-96G.html,https://www.edeka24.de/out/pictures/generated/product/1/540_540_90/alnaturahonigreiswaffeln.jpg
948,Lebensmittel,Frühstück & Snacks,Knäckebrot-Zwieback-Getreidewaffeln,Leicht & Cross Mein Knusperbrot Roggen 125G,"1,29 €","10,32 €/kg","inkl. MwSt., zzgl. 4.95 € Versandkosten.",lieferbar innerhalb von 2-5 Werktagen,2023-05-02 23:42:11.675122,Trockenflachbrot mit 74% Roggen,Hinweis zur Aufbewahrung: Vor Wärme schützen. Trocken lagern. Nach dem Öffnen innerhalb weniger Tage verzehren.,"Verantwortliches Lebensmittelunternehmen:
Griesson - de Beukelaer GmbH & Co. KG, 56751 Polch","Zutatenverzeichnis: ROGGENMEHL, WEIZENMEHL, ROGGENVOLLKORNMEHL, WEIZENMALZMEHL, Zucker, Sonnenblumenöl, Salz. Zur Herstellung von 100g des Produktes werden 52 g Roggenmehl und 22g Roggenvollkornmehl verwendet. Kann Spuren von MILCH enthalten.",1567,371,"3,5","0,5",71,"2,8","9,9","1,3",https://www.edeka24.de/Lebensmittel/Fruehstueck-Snacks/Knaeckebrot-Zwieback-Getreidewaffeln/Leicht-Cross-Mein-Knusperbrot-Roggen-125G.html,https://www.edeka24.de/out/pictures/generated/product/1/540_540_90/leicht_amp_cross_mein_knusperbrot_roggen_125g.jpg
949,Lebensmittel,Frühstück & Snacks,Knäckebrot-Zwieback-Getreidewaffeln,Wasa Knäckebrot Vollkorn 260G,"2,49 €","9,58 €/kg","inkl. MwSt., zzgl. 4.95 € Versandkosten.",lieferbar innerhalb von 2-5 Werktagen,2023-05-02 23:42:14.922339,Knäckebrot aus Vollkornroggen,Hinweis zur Aufbewahrung: Trocken und vor Licht geschützt aufbewahren.,"Verantwortliches Lebensmittelunternehmen:
Barilla Deutschland GmbH, Bereich Wasa, Wasastraße 10, D-29229 Celle","Zutatenverzeichnis: ROGGENVOLLKORNMEHL, Hefe, Salz.",330,1390,2,"0,4",58,"1,5",10,"1,25",https://www.edeka24.de/Lebensmittel/Fruehstueck-Snacks/Knaeckebrot-Zwieback-Getreidewaffeln/Wasa-Knaeckebrot-Vollkorn-260G.html,https://www.edeka24.de/out/pictures/generated/product/1/540_540_90/wasa_knckebrot_vollkorn_260_g.jpg
950,Lebensmittel,Frühstück & Snacks,Knäckebrot-Zwieback-Getreidewaffeln,Alnatura Bio Linsenwaffeln 44G,"1,05 €","23,86 €/kg","inkl. MwSt., zzgl. 4.95 € Versandkosten.",lieferbar innerhalb von 2-5 Werktagen,2023-05-02 23:42:17.971261,"Bio Linsenwaffeln mit Salz, glutenfrei","Hinweis zur Aufbewahrung: Bitte trocken lagern, vor Wärme schützen.","Verantwortliches Lebensmittelunternehmen:
Alnatura Produktions- und Handels GmbH, Mahatma-Gandhi-Str. 7, 64295 Darmstadt","Zutatenverzeichnis: Linsenmehl* 99,5%, Meersalz. kann Spuren von SOJA enthalten. *aus biologischer Landwirtschaft",1526,360,"1,8","0,4",58,"1,4",25,"0,5",https://www.edeka24.de/Lebensmittel/Fruehstueck-Snacks/Knaeckebrot-Zwieback-Getreidewaffeln/Alnatura-Bio-Linsenwaffeln-44G.html,https://www.edeka24.de/out/pictures/generated/product/1/540_540_90/bio_alnatura_linsenwaffeln_44g.jpg
951,Lebensmittel,Frühstück & Snacks,Knäckebrot-Zwieback-Getreidewaffeln,Alnatura Bio Dinkel Waffeln Natur 100G,"1,09 €","10,90 €/kg","inkl. MwSt., zzgl. 4.95 € Versandkosten.",lieferbar innerhalb von 2-5 Werktagen,2023-05-02 23:42:21.686192,-,Hinweis zur Aufbewahrung: Bitte trocken lagern. Angebrochene Packung gut verschließen.,"Verantwortliches Lebensmittelunternehmen:
Alnatura GmbH, Mahatma-Gandhi-Straße 7, 64295 Darmstadt","Zutatenverzeichnis: DINKELVOLLKORN*1 *aus biologischer Landwirtschaft^^1Dinkel ist eine Urweizenart . Kann Spuren von SOJA, MILCH und SESAM enthalten.",1573,372,"2,8","0,6",70,"2,5",12,"0,03",https://www.edeka24.de/Lebensmittel/Fruehstueck-Snacks/Knaeckebrot-Zwieback-Getreidewaffeln/Alnatura-Bio-Dinkel-Waffeln-Natur-100G.html,https://www.edeka24.de/out/pictures/generated/product/1/540_540_90/bio_alnatura_dinkelwaffeln_natur_100g.jpg
952,Lebensmittel,Frühstück & Snacks,Knäckebrot-Zwieback-Getreidewaffeln,Alnatura Bio Schoko Reis Waffeln Zartbitter 100G,"1,39 €","13,90 €/kg","inkl. MwSt., zzgl. 4.95 € Versandkosten.",lieferbar innerhalb von 2-5 Werktagen,2023-05-02 23:42:25.299462,Bio Reiswaffeln mit Zartbitterschokolade,"Hinweis zur Aufbewahrung: Bitte trocken lagern, vor Wärme schützen.","Verantwortliches Lebensmittelunternehmen:
Alnatura GmbH, Mahatma-Gandhi-Straße 7, 64295 Darmstadt","Zutatenverzeichnis: Zartbitterschokolade* 60% (Kakaomasse*, Rohrzucker*, Kakaobutter*), Vollkornreis* 40%. Kann Spuren von SOJA enthalten. *aus biologischer Landwirtschaft",2059,493,25,15,57,23,"6,8","0,01",https://www.edeka24.de/Lebensmittel/Fruehstueck-Snacks/Knaeckebrot-Zwieback-Getreidewaffeln/Alnatura-Bio-Schoko-Reis-Waffeln-Zartbitter-100G.html,https://www.edeka24.de/out/pictures/generated/product/1/540_540_90/bio_alnatura_reiswaffelnzartbitter_100g.jpg
953,Lebensmittel,Frühstück & Snacks,Knäckebrot-Zwieback-Getreidewaffeln,Alnatura Bio Reiswaffeln Meersalz 100G,"1,05 €","10,50 €/kg","inkl. MwSt., zzgl. 4.95 € Versandkosten.",lieferbar innerhalb von 2-5 Werktagen,2023-05-02 23:42:29.068077,"Bio Reiswaffeln mit Salz, glutenfrei",Hinweis zur Aufbewahrung: Bitte trocken lagern. Angebrochene Packung gut verschließen.,"Verantwortliches Lebensmittelunternehmen:
Alnatura Produktions- und Handels GmbH, Mahatma-Gandhi-Str. 7, 64295 Darmstadt","Zutatenverzeichnis: Vollkornreis* 99 %, SESAM*, Meersalz *aus biologischer Landwirtschaft . Kann Spuren von SESAM enthalten.",1650,389,3,"0,6",80,"0,9","7,9","0,28",https://www.edeka24.de/Lebensmittel/Fruehstueck-Snacks/Knaeckebrot-Zwieback-Getreidewaffeln/Alnatura-Bio-Reiswaffeln-Meersalz-100G.html,https://www.edeka24.de/out/pictures/generated/product/1/540_540_90/bio_alnatura_reiswaffelnmit_salz_100g.jpg
954,Lebensmittel,Frühstück & Snacks,Knäckebrot-Zwieback-Getreidewaffeln,Leicht & Cross Mein Knusperbrot Vollkorn 125G,"1,29 €","10,32 €/kg","inkl. MwSt., zzgl. 4.95 € Versandkosten.",lieferbar innerhalb von 2-5 Werktagen,2023-05-02 23:42:32.553185,Trockenflachbrot Vollkorn,Hinweis zur Aufbewahrung: Vor Wärme schützen. Trocken lagern.,"Verantwortliches Lebensmittelunternehmen:
Griesson - de Beukelaer, 56751 Polch","Zutatenverzeichnis: ROGGENVOLLKORNMEHL, WEIZENVOLLKORNMEHL, Reismehl, Zucker, WEIZENMALZMEHL, Sonnenblumenöl, Salz. Zur Herstellung von 100g des Produktes werden 56g Roggenvollkornmehl und 37g Weizenvollkornmehl verwendet. Kann Spuren von MILCH enthalten.",1522,360,"3,6","0,4",67,"3,9",10,"1,2",https://www.edeka24.de/Lebensmittel/Fruehstueck-Snacks/Knaeckebrot-Zwieback-Getreidewaffeln/Leicht-Cross-Mein-Knusperbrot-Vollkorn-125G.html,https://www.edeka24.de/out/pictures/generated/product/1/540_540_90/leicht_amp_cross_knusperbrot_vollkorn_125_g_packung.jpg
955,Lebensmittel,Frühstück & Snacks,Knäckebrot-Zwieback-Getreidewaffeln,Alnatura Bio Maiswaffeln natur 110G,"0,89 €","8,09 €/kg","inkl. MwSt., zzgl. 4.95 € Versandkosten.",lieferbar innerhalb von 2-5 Werktagen,2023-05-02 23:42:36.419450,-,Hinweis zur Aufbewahrung: Bitte trocken lagern. Angebrochene Packung gut verschließen.,"Verantwortliches Lebensmittelunternehmen:
Alnatura Produktions- und Handels GmbH, Mahatma-Gandhi-Str. 7, 64295 Darmstadt","Zutatenverzeichnis: Mais*. *aus biologischer Landwirtschaft. Kann Spuren von SOJA, MILCH und SESAM enthalten.",1647,388,"0,9","0,1",86,"0,5","7,3","0,01",https://www.edeka24.de/Lebensmittel/Fruehstueck-Snacks/Knaeckebrot-Zwieback-Getreidewaffeln/Alnatura-Bio-Maiswaffeln-natur-110G.html,https://www.edeka24.de/out/pictures/generated/product/1/540_540_90/alnauramaiswaffelnatur.jpg
956,Lebensmittel,Frühstück & Snacks,Knäckebrot-Zwieback-Getreidewaffeln,Alnatura Bio Schoko Reis Waffeln Zartbitter Orange 100G,"1,59 €","15,90 €/kg","inkl. MwSt., zzgl. 4.95 € Versandkosten.",lieferbar innerhalb von 2-5 Werktagen,2023-05-02 23:42:40.105249,Bio Reiswaffeln mit Zartbitterschokolade und Orangenöl,Hinweis zur Aufbewahrung: Bitte trocken lagern und vor Wärme schützen.,"Verantwortliches Lebensmittelunternehmen:
Alnatura GmbH, Mahatma-Gandhi-Straße 7, 64295 Darmstadt","Zutatenverzeichnis: Zartbitterschokolade* 60 % (Rohrohrzucker*, Kakaomasse*, Kakaobutter*,Emulgator: SOJALECITHIN*, Orangenöl* 0,1 %), Reiswaffeln* 40 %(Vollkornreis* 99,7 %, Meersalz) *aus biologischer Landwirtschaft . Kann Spuren von MILCH, NÜSSEN und SESAM enthalten.",2015,481,22,13,62,27,"6,2","0,13",https://www.edeka24.de/Lebensmittel/Fruehstueck-Snacks/Knaeckebrot-Zwieback-Getreidewaffeln/Alnatura-Bio-Schoko-Reis-Waffeln-Zartbitter-Orange-100G.html,https://www.edeka24.de/out/pictures/generated/product/1/540_540_90/alnatura_bio_schoko_reis_waffeln_zartbitter_orange_100g.jpg
957,Lebensmittel,Frühstück & Snacks,Knäckebrot-Zwieback-Getreidewaffeln,Filinchen Das Knusper-Brot Ballaststoff 75G,"1,09 €","14,53 €/kg","inkl. MwSt., zzgl. 4.95 € Versandkosten.",lieferbar innerhalb von 2-5 Werktagen,2023-05-02 23:42:44.177368,"Waffelbrot, im Waffeleisen gebacken",Hinweis zur Aufbewahrung: Trocken lagern! Nach dem Öffnen im geschlossenen Behälter aufbewahren. Nicht toasten!,"Verantwortliches Lebensmittelunternehmen:
GUTENA Nahrungsmittel GmbH, Über dem Dieterstedter Bache 10, 99510 Apolda","Zutatenverzeichnis: WEIZENMEHL, ROGGENGRIESKLEIE, WEIZENSTÄRKE, Sonnenblumenöl mit erhöhtem Ölsaureanteil, VOLLMILCHPULVER, ROGGENMALZ Emulgator: Sonnenblumenlecithin, Salz, Backtriebmittel: Natriumhydrogencarbonat.",1606,380,"3,5","1,2",72,"1,1",11,"0,6",https://www.edeka24.de/Lebensmittel/Fruehstueck-Snacks/Knaeckebrot-Zwieback-Getreidewaffeln/Filinchen-Das-Knusper-Brot-Ballaststoff-75G.html,https://www.edeka24.de/out/pictures/generated/product/1/540_540_90/weissenfillinchen_ballast75g.jpg
958,Lebensmittel,Frühstück & Snacks,Knäckebrot-Zwieback-Getreidewaffeln,Alnatura Bio Reiswaffeln Vollkorn natur 100G,"1,05 €","10,50 €/kg","inkl. MwSt., zzgl. 4.95 € Versandkosten.",lieferbar innerhalb von 2-5 Werktagen,2023-05-02 23:42:47.234251,"Bio Reiswaffeln natur, glutenfrei",Hinweis zur Aufbewahrung: Bitte trocken lagern. Angebrochene Packung gut verschließen.,"Verantwortliches Lebensmittelunternehmen:
Alnatura Produktions- und Handels GmbH, Mahatma-Gandhi-Str. 7, 64295 Darmstadt",Zutatenverzeichnis: Vollkornreis* *aus biologischer Landwirtschaft . Kann Spuren von SESAM enthalten.,1650,389,3,"0,6",81,"0,9","7,9","0,01",https://www.edeka24.de/Lebensmittel/Fruehstueck-Snacks/Knaeckebrot-Zwieback-Getreidewaffeln/Alnatura-Bio-Reiswaffeln-Vollkorn-natur-100G.html,https://www.edeka24.de/out/pictures/generated/product/1/540_540_90/bio_alnatura_reiswaffelnnatur_100g.jpg
959,Lebensmittel,Frühstück & Snacks,Knäckebrot-Zwieback-Getreidewaffeln,Wasa Sandwich Cheese Tomato & Basil 3x 40G,"2,69 €","22,42 €/kg","inkl. MwSt., zzgl. 4.95 € Versandkosten.",lieferbar innerhalb von 2-5 Werktagen,2023-05-02 23:42:50.492525,"Backware aus Weizen. 2 Knäckebrot-Riegel mit einer Füllung mit Käsegeschmack, Tomaten und Basilikum.","Hinweis zur Aufbewahrung: Trocken, vor Licht und Wärme geschützt lagern.","Verantwortliches Lebensmittelunternehmen:
Barilla Deutschland GmbH, Barilla Deutschland GmbH, Bereich Wasa, Wasastraße 10, D-29229 Celle","Zutatenverzeichnis: WEIZENMEHL 58%, pflanzliche Fette (Raps, Sheanuss), KÄSEPULVER 9,0%, Maltodextrin, BUTTERMILCHPULVER, Hefe, Zucker, natürliches Aroma (MILCH), Salz, getrocknete Tomaten (0,7%), getrocknetes Basilikum 0,02%. Kann Spuren von SESAMSAMEN, SOJABOHNEN und LUPINEN enthalten.",479,2005,23,8,"53,5",5,12,"1,25",https://www.edeka24.de/Lebensmittel/Fruehstueck-Snacks/Knaeckebrot-Zwieback-Getreidewaffeln/Wasa-Sandwich-Cheese-Tomato-Basil-3x-40G.html,https://www.edeka24.de/out/pictures/generated/product/1/540_540_90/wasatomatobasil.jpg
960,Lebensmittel,Frühstück & Snacks,Knäckebrot-Zwieback-Getreidewaffeln,Alnatura Bio Knäcke-Brot Sesam 250G,"2,19 €","8,76 €/kg","inkl. MwSt., zzgl. 4.95 € Versandkosten.",lieferbar innerhalb von 2-5 Werktagen,2023-05-02 23:42:55.104239,Bio Knäckebrot aus Roggenvollkornmehl mit Sesam bestreut,Hinweis zur Aufbewahrung: Bitte trocken lagern.,"Verantwortliches Lebensmittelunternehmen:
Alnatura GmbH, Darmstädter Str. 63, 64404 Bickenbach","Zutatenverzeichnis: ROGGENVOLLKORNMEHL* 84%, SESAM* 10%, Meersalz *aus biologischer Landwirtschaft.",1501,357,"5,4","0,9",59,"3,4",10,"1,5",https://www.edeka24.de/Lebensmittel/Fruehstueck-Snacks/Knaeckebrot-Zwieback-Getreidewaffeln/Alnatura-Bio-Knaecke-Brot-Sesam-250G.html,https://www.edeka24.de/out/pictures/generated/product/1/540_540_90/alnaturakncses.jpg
961,Lebensmittel,Frühstück & Snacks,Knäckebrot-Zwieback-Getreidewaffeln,Alnatura Bio Maiswaffeln mit Meersalz 110G,"1,05 €","9,55 €/kg","inkl. MwSt., zzgl. 4.95 € Versandkosten.",lieferbar innerhalb von 2-5 Werktagen,2023-05-02 23:42:58.883491,"Bio Maiswaffeln mit Salz, glutenfrei",Hinweis zur Aufbewahrung: Bitte trocken lagern. Angebrochene Packung gut verschließen.,"Verantwortliches Lebensmittelunternehmen:
Alnatura GmbH, Mahatma-Gandhi-Straße 7, 64295 Darmstadt","Zutatenverzeichnis: Mais* 99,7 %, Meersalz *aus biologischer Landwirtschaft . Kann Spuren von SOJA enthalten.",1576,371,1,"0,3",83,"0,7",6,"0,3",https://www.edeka24.de/Lebensmittel/Fruehstueck-Snacks/Knaeckebrot-Zwieback-Getreidewaffeln/Alnatura-Bio-Maiswaffeln-mit-Meersalz-110G.html,https://www.edeka24.de/out/pictures/generated/product/1/540_540_90/alnaturamaiswaffel.jpg
962,Lebensmittel,Frühstück & Snacks,Knäckebrot-Zwieback-Getreidewaffeln,Alnatura Bio Mais Amaranth Waffeln mit Reis & Leinsamen 115G,"1,19 €","10,35 €/kg","inkl. MwSt., zzgl. 4.95 € Versandkosten.",lieferbar innerhalb von 2-5 Werktagen,2023-05-02 23:43:02.049747,"Bio Mais-Reis-Waffeln mit Amaranth und Leinsamen, glutenfrei",Hinweis zur Aufbewahrung: Bitte trocken lagern. Angebrochene Packung gut verschließen.,"Verantwortliches Lebensmittelunternehmen:
Alnatura Produktions- und Handels GmbH, Mahatma-Gandhi-Str. 7, 64295 Darmstadt","Zutatenverzeichnis: Mais* 83,5 %, Reis* 10 %, Amaranth* 4 %, Leinsamen* 2 %, Meersalz 0,5 %. *aus biologischer Landwirtschaft. Kann Spuren von SOJA und LUPINE enthalten.",1625,384,"3,9","1,4",75,"0,5","9,5","0,5",https://www.edeka24.de/Lebensmittel/Fruehstueck-Snacks/Knaeckebrot-Zwieback-Getreidewaffeln/Alnatura-Bio-Mais-Amaranth-Waffeln-mit-Reis-Leinsamen-115G.html,https://www.edeka24.de/out/pictures/generated/product/1/540_540_90/alnatura_bio_mais_amaranth_waffeln_mit_reis_amp_leinsamen_115_g.jpg
963,Lebensmittel,Frühstück & Snacks,Knäckebrot-Zwieback-Getreidewaffeln,Alnatura Bio Dinkel Zwieback 200G,"2,19 €","10,95 €/kg","inkl. MwSt., zzgl. 4.95 € Versandkosten.",lieferbar innerhalb von 2-5 Werktagen,2023-05-02 23:43:05.152541,Bio Dinkel Zwieback mit Dinkel-Vollkornschrot,Hinweis zur Aufbewahrung: Bitte trocken lagern.,"Verantwortliches Lebensmittelunternehmen:
Alnatura GmbH, Mahatma-Gandhi-Straße 7, 64295 Darmstadt","Zutatenverzeichnis: DINKELMEHL*¹ Type 630 (83%), DINKELVOLLKORNSCHROT*¹ 9 %, Sonnenblumenöl**, Hefe**, Meersalz, Koriander** *aus Demeter-Landbau **aus biologischer Landwirtschaft ¹Dinkel ist eine Urweizenart . Kann Spuren von SESAM enthalten.",1697,402,"6,8","0,7",70,"2,2",13,"0,98",https://www.edeka24.de/Lebensmittel/Fruehstueck-Snacks/Knaeckebrot-Zwieback-Getreidewaffeln/Alnatura-Bio-Dinkel-Zwieback-200G.html,https://www.edeka24.de/out/pictures/generated/product/1/540_540_90/alnaturadinkelzwieback.jpg
964,Lebensmittel,Frühstück & Snacks,Knäckebrot-Zwieback-Getreidewaffeln,Wasa Sandwich Cheese & Chives 3x 37G,"2,69 €","24,23 €/kg","inkl. MwSt., zzgl. 4.95 € Versandkosten.",lieferbar innerhalb von 2-5 Werktagen,2023-05-02 23:43:08.894556,Backware aus Roggen. 2 Knäckebrot-Riegel mit einer Füllung mit Käsegeschmack und Schnittlauch.,"Hinweis zur Aufbewahrung: Trocken, vor Licht und Wärme geschützt lagern.","Verantwortliches Lebensmittelunternehmen:
Barilla Deutschland GmbH, Barilla Deutschland GmbH, Bereich Wasa, Wasastraße 10, D-29229 Celle","Zutatenverzeichnis: ROGGENVOLLKORNMEHL 46%, pflanzliche Fette (Raps, Sheanuss), ROGGENMEHL 17 %, Maltodextrin, KÄSEPULVER 8,9%, Hefe, BUTTERMILCHPULVER, Aroma (MILCH), Salz, getrockneter Schnittlauch 0,31%. Kann Spuren von SESAMSAMEN, SOJABOHNEN und LUPINEN enthalten.",451,1885,21,"7,5","49,5",3,10,"1,13",https://www.edeka24.de/Lebensmittel/Fruehstueck-Snacks/Knaeckebrot-Zwieback-Getreidewaffeln/Wasa-Sandwich-Cheese-Chives-3x-37G.html,https://www.edeka24.de/out/pictures/generated/product/1/540_540_90/wasachives.jpg
965,Lebensmittel,Frühstück & Snacks,Knäckebrot-Zwieback-Getreidewaffeln,Brandt Genuss Zwieback Kokos 225G,"2,69 €","11,96 €/kg","inkl. MwSt., zzgl. 4.95 € Versandkosten.",lieferbar innerhalb von 2-5 Werktagen,2023-05-02 23:43:12.747822,-,Hinweis zur Aufbewahrung: Kühl und trocken aufbewahren!,"Verantwortliches Lebensmittelunternehmen:
Brandt Zwieback-Schokoladen GmbH & Co. KG, Kölner Straße 32-34, D-58135 Hagen","Zutatenverzeichnis: WEIZENMEHL, Zucker, Kokosraspeln (17%), Traubenzucker, Sonnenblumenöl (1,9%), Hefe, SÜßMOLKENPULVER, Invertzuckersirup, Speisesalz, Emulgator (SOJALECITHINE), KONDENSMAGERMILCH, Säuerungsmittel (Zitronensäure, Ascorbinsäure), natürliches Aroma. Kann Spuren von EIPRODUKTEN, SCHALENFRÜCHTEN und SESAM enthalten.",1934,460,15,13,72,39,"6,7","0,4",https://www.edeka24.de/Lebensmittel/Fruehstueck-Snacks/Knaeckebrot-Zwieback-Getreidewaffeln/Brandt-Genuss-Zwieback-Kokos-225G.html,https://www.edeka24.de/out/pictures/generated/product/1/540_540_90/brandt_genuss_zwieback_mit_kokos_225_g.jpg
966,Lebensmittel,Frühstück & Snacks,Knäckebrot-Zwieback-Getreidewaffeln,Wasa Sesam & Vollkorn 200G,"2,49 €","12,45 €/kg","inkl. MwSt., zzgl. 4.95 € Versandkosten.",lieferbar innerhalb von 2-5 Werktagen,2023-05-02 23:43:16.352516,"Backware mit Weizen, Vollkorn und Sesam.","Hinweis zur Aufbewahrung: Trocken, vor Licht und Wärme geschützt lagern.","Verantwortliches Lebensmittelunternehmen:
Barilla Deutschland GmbH, Gustav-Heinemann-Ufer 72C, 50968 Köln","Zutatenverzeichnis: VOLLKORN-WEIZENMEHL (49%), WEIZENMEHL (39%), SESAMSAMEN (11%), Hefe, Sonnenblumenöl, Zucker, Salz.",1665,396,"9,5","1,2",59,1,14,"1,2",https://www.edeka24.de/Lebensmittel/Fruehstueck-Snacks/Knaeckebrot-Zwieback-Getreidewaffeln/Wasa-Sesam-Vollkorn-200G.html,https://www.edeka24.de/out/pictures/generated/product/1/540_540_90/wasasesamvollkorn.jpg
967,Lebensmittel,Frühstück & Snacks,Knäckebrot-Zwieback-Getreidewaffeln,EDEKA Bio Reiswaffeln natur 100G,"0,89 €","8,90 €/kg","inkl. MwSt., zzgl. 4.95 € Versandkosten.",lieferbar innerhalb von 2-5 Werktagen,2023-05-02 23:43:19.482447,Reiswaffeln ungesalzen mit Sesam,"Hinweis zur Aufbewahrung: Kühl und trocken lagern, nach dem Öffnen luftdicht verschließen.","Verantwortliches Lebensmittelunternehmen:
EDEKA ZENTRALE Stiftung & Co. KG, D-22291 Hamburg","Zutatenverzeichnis: 99% Reis*, SESAM*. *aus kontrolliert ökologischer Landwirtschaft. Das Produkt kann Spuren von SOJA und MILCH enthalten.",1622,383,"3,3","0,7",78,"0,6","8,6","0,01",https://www.edeka24.de/Lebensmittel/Fruehstueck-Snacks/Knaeckebrot-Zwieback-Getreidewaffeln/EDEKA-Bio-Reiswaffeln-natur-100G.html,https://www.edeka24.de/out/pictures/generated/product/1/540_540_90/edekabio_reiswaffelnnatur.jpg
968,Lebensmittel,Frühstück & Snacks,Knäckebrot-Zwieback-Getreidewaffeln,Alnatura Bio Schoko Reis Waffeln Vollmilch Cocos 100G,"1,69 €","16,90 €/kg","inkl. MwSt., zzgl. 4.95 € Versandkosten.",lieferbar innerhalb von 2-5 Werktagen,2023-05-02 23:43:22.714990,Bio Reiswaffeln mit Vollmilchschokolade und Kokosraspeln,Hinweis zur Aufbewahrung: Bitte trocken lagern und vor Wärme schützen.,"Verantwortliches Lebensmittelunternehmen:
Alnatura GmbH, Darmstädter Str. 63, 64404 Bickenbach","Zutatenverzeichnis: Vollmilchschokolade* 54% (Rohrohrzucker*, Kakaobutter*, VOLLMILCHPULVER*, Kakaomasse*, Bourbonvanilleextrakt*), Reiswaffeln* 40% (Vollkornreis* 99%, SESAM*, Meersalz), Kokosraspeln* 6% *aus biologischer Landwirtschaft . Kann Spuren von SOJA und NÜSSEN enthalten.",2045,489,25,15,57,25,"7,3","0,22",https://www.edeka24.de/Lebensmittel/Fruehstueck-Snacks/Knaeckebrot-Zwieback-Getreidewaffeln/Alnatura-Bio-Schoko-Reis-Waffeln-Vollmilch-Cocos-100G.html,https://www.edeka24.de/out/pictures/generated/product/1/540_540_90/alnaturaschokoreiswaffelnvmcocos.jpg
969,Lebensmittel,Frühstück & Snacks,Knäckebrot-Zwieback-Getreidewaffeln,Alnatura Bio Knäcke-Brot Roggen & Dinkel 250G,"2,19 €","8,76 €/kg","inkl. MwSt., zzgl. 4.95 € Versandkosten.",lieferbar innerhalb von 2-5 Werktagen,2023-05-02 23:43:26.483744,Bio Vollkornknäckebrot aus Roggen und Dinkel,Hinweis zur Aufbewahrung: Bitte trocken lagern.,"Verantwortliches Lebensmittelunternehmen:
Alnatura Produktions- und Handels GmbH, Mahatma-Gandhi-Str. 7, 64295 Darmstadt","Zutatenverzeichnis: ROGGENVOLLKORNMEHL* 83%, DINKELVOLLKORNMEHL* 6%, DINKELFLOCKEN* 5%,Meersalz. *aus biologischer Landwirtschaft. Kann Spuren von SESAM enthalten.",1459,346,2,"0,4",66,"2,4","8,4","1,5",https://www.edeka24.de/Lebensmittel/Fruehstueck-Snacks/Knaeckebrot-Zwieback-Getreidewaffeln/Alnatura-Bio-Knaecke-Brot-Roggen-Dinkel-250G.html,https://www.edeka24.de/out/pictures/generated/product/1/540_540_90/alnaturakncroggdink.jpg
970,Lebensmittel,Frühstück & Snacks,Knäckebrot-Zwieback-Getreidewaffeln,Burger Kürbiskern Knäckebrot 250G,"2,29 €","9,16 €/kg","inkl. MwSt., zzgl. 4.95 € Versandkosten.",lieferbar innerhalb von 2-5 Werktagen,2023-05-02 23:43:30.161124,Roggrnvollkorn-Knäckebrot mit Kürbiskernen,Hinweis zur Aufbewahrung: Trocken lagern.,"Verantwortliches Lebensmittelunternehmen:
Burger Knäcke GmbH + Co. KG, Niegripper Chaussee 7, 39288 Burg","Zutatenverzeichnis: ROGGENVOLLKORNMEHL, Kürbiskerne, Speisesalz.",1649,394,12,2,48,"1,2",13,"1,3",https://www.edeka24.de/Lebensmittel/Fruehstueck-Snacks/Knaeckebrot-Zwieback-Getreidewaffeln/Burger-Kuerbiskern-Knaeckebrot-250G.html,https://www.edeka24.de/out/pictures/generated/product/1/540_540_90/burger_kamp252rbiskern_knamp228ckebrot_250g.jpg
971,Lebensmittel,Frühstück & Snacks,Knäckebrot-Zwieback-Getreidewaffeln,Wasa Knäckebrot Classic Gluten- & Lactosefrei 240G,"4,49 €","18,71 €/kg","inkl. MwSt., zzgl. 4.95 € Versandkosten.",lieferbar innerhalb von 2-5 Werktagen,2023-05-02 23:43:33.784659,Backwaren. Gluten- und Laktosefrei,Hinweis zur Aufbewahrung: Trocken und vor Licht geschützt aufbewahren,"Verantwortliches Lebensmittelunternehmen:
Barilla Deutschland GmbH, Bereich Wasa, Wasastraße 10, D-29229 Celle","Zutatenverzeichnis: Kartoffelstärke, Amaranthmehl, Rapsöl, Reismehl, Ballaststoffe aus Zuckerrohr, Zucker, Reissauerteigpulver (Reismehl, Wasser), Emulgator (Mono- und Diglyceride von Speisefettsäuren), Hefe, Verdickungsmittel (Hydroxypropylmethylcellulose), Reisprotein, Salz, Fenchel, Anis, Kümmel. Kann Spuren von SESAMSAMEN enthalten.",1663,395,8,"1,2","72,8","3,1",4,"1,1",https://www.edeka24.de/Lebensmittel/Fruehstueck-Snacks/Knaeckebrot-Zwieback-Getreidewaffeln/Wasa-Knaeckebrot-Classic-Gluten-Lactosefrei-240G.html,https://www.edeka24.de/out/pictures/generated/product/1/540_540_90/wasa_knamp228ckebrot_classic_glutenampamplactosefrei_240g.jpg
972,Lebensmittel,Frühstück & Snacks,Knäckebrot-Zwieback-Getreidewaffeln,Alnatura Bio Dinkel Cracker natur 100G,"1,29 €","12,90 €/kg","inkl. MwSt., zzgl. 4.95 € Versandkosten.",lieferbar innerhalb von 2-5 Werktagen,2023-05-02 23:43:36.769356,Bio Dinkelvollkorn-Cracker,Hinweis zur Aufbewahrung: Bitte trocken lagern.,"Verantwortliches Lebensmittelunternehmen:
Alnatura Produktions- und Handels GmbH, Mahatma-Gandhi-Str. 7, 64295 Darmstadt","Zutatenverzeichnis: DINKELVOLLKORNSCHROT* 88 %, Palmfett* ungehärtet, Meersalz, Hefe*,GERSTENMALZEXTRAKT*, Backtriebmittel: Natriumhydrogencarbonat. *aus biologischer Landwirtschaft.",1774,422,12,"7,8",62,"1,3",12,2,https://www.edeka24.de/Lebensmittel/Fruehstueck-Snacks/Knaeckebrot-Zwieback-Getreidewaffeln/Alnatura-Bio-Dinkel-Cracker-natur-100G.html,https://www.edeka24.de/out/pictures/generated/product/1/540_540_90/alnatura_bio_dinkel_cracker_natur.jpg
973,Lebensmittel,Frühstück & Snacks,Knäckebrot-Zwieback-Getreidewaffeln,EDEKA Bio Käse-Kürbiskern Knäckebrot 200G,"2,29 €","11,45 €/kg","inkl. MwSt., zzgl. 4.95 € Versandkosten.",lieferbar innerhalb von 2-5 Werktagen,2023-05-02 23:43:40.056510,Knäckebrot mit geriebenem Gouda und Kürbiskernen,Hinweis zur Aufbewahrung: Vor Wärme geschützt und trocken lagern.,"Verantwortliches Lebensmittelunternehmen:
EDEKA ZENTRALE Stiftung & Co. KG, D-22291 Hamburg","Zutatenverzeichnis: WEIZENVOLLKORNMEHL*, 21% GOUDA* gerieben (MILCH*, Stärke*, Speisesalz, Säuerungskulturen, mikrobielles Lab), 15% Kürbiskerne*, Rapsöl*, Hefe*, WEIZENMEHL*, Meersalz, HAFERFLOCKEN*, Sonnenblumenkerne*, Leinsamen*, GERSTENMALZMEHL*. Das Produkt kann Spuren von SOJA und SESAM enthalten. *aus kontrolliert ökologischer Landwirtschaft.",1868,446,"19,2","4,9","45,5","2,3",18,"1,5",https://www.edeka24.de/Lebensmittel/Fruehstueck-Snacks/Knaeckebrot-Zwieback-Getreidewaffeln/EDEKA-Bio-Kaese-Kuerbiskern-Knaeckebrot-200G.html,https://www.edeka24.de/out/pictures/generated/product/1/540_540_90/bio_edeka_kamp228sekamp252rbiskern_knamp228ckebrot_200g(1).jpg
974,Lebensmittel,Frühstück & Snacks,Knäckebrot-Zwieback-Getreidewaffeln,Wasa Knäckebrot Rustikal 275G,"2,49 €","9,05 €/kg","inkl. MwSt., zzgl. 4.95 € Versandkosten.",lieferbar innerhalb von 2-5 Werktagen,2023-05-02 23:43:44.433797,Knäckebrot aus Vollkornroggen,Hinweis zur Aufbewahrung: Trocken und vor Licht geschützt aufbewahren,"Verantwortliches Lebensmittelunternehmen:
Barilla Deutschland GmbH, Bereich Wasa, Wasastraße 10, D-29229 Celle","Zutatenverzeichnis: ROGGENVOLLKORNMEHL, ROGGENKLEIE, Salz, Hefe.",327,1377,"1,5","0,4","59,3","1,5",9,"1,25",https://www.edeka24.de/Lebensmittel/Fruehstueck-Snacks/Knaeckebrot-Zwieback-Getreidewaffeln/Wasa-Knaeckebrot-Rustikal-275G.html,https://www.edeka24.de/out/pictures/generated/product/1/540_540_90/wasarustikal.jpg
975,Lebensmittel,Frühstück & Snacks,Knäckebrot-Zwieback-Getreidewaffeln,Alnatura Bio Dinkel Cracker Sesam 100G,"1,39 €","13,90 €/kg","inkl. MwSt., zzgl. 4.95 € Versandkosten.",lieferbar innerhalb von 2-5 Werktagen,2023-05-02 23:43:47.902736,Bio Dinkelvollkorn-Cracker mit Sesam,Hinweis zur Aufbewahrung: Bitte trocken lagern.,"Verantwortliches Lebensmittelunternehmen:
Alnatura Produktions- und Handels GmbH, Mahatma-Gandhi-Str. 7, 64295 Darmstadt","Zutatenverzeichnis: DINKELVOLLKORNSCHROT* 81 %, SESAM* 8 %, Palmfett* ungehärtet, Meersalz,Hefe*, GERSTENMALZEXTRAKT*, Backtriebmittel: Natriumhydrogencarbonat. *aus biologischer Landwirtschaft.",1834,437,15,"7,9",58,"1,2",13,"1,8",https://www.edeka24.de/Lebensmittel/Fruehstueck-Snacks/Knaeckebrot-Zwieback-Getreidewaffeln/Alnatura-Bio-Dinkel-Cracker-Sesam-100G.html,https://www.edeka24.de/out/pictures/generated/product/1/540_540_90/alnatura_bio_dinkel_cracker.jpg
976,Lebensmittel,Frühstück & Snacks,Knäckebrot-Zwieback-Getreidewaffeln,Wasa Delicate Crisp Rosemary & Sea Salt 190G,"3,19 €","16,79 €/kg","inkl. MwSt., zzgl. 4.95 € Versandkosten.",lieferbar innerhalb von 2-5 Werktagen,2023-05-02 23:43:51.593237,"BACKWARE AUS VOLLKORNWEIZENMEHL, ROSMARIN UND SALZ",Hinweis zur Aufbewahrung: Kühl und trocken lagern,"Verantwortliches Lebensmittelunternehmen:
Barilla Deutschland GmbH, Barilla Deutschland GmbH, Bereich Wasa, Wasastraße 10, D-29229 Celle","Zutatenverzeichnis: WEIZENVOLLKORNMEHL, WEIZENMEHL, Rapsöl, Rosmarin (2,0 %), Salz, Meersalz (1,1 %), GERSTENMALZEXTRAKT, Hefe, Antioxidationsmittel: Extrakt aus Rosmarin. Kann Spuren von SESAMSAMEN enthalten.",394,1660,8,"0,7","64,5",3,11,"2,5",https://www.edeka24.de/Lebensmittel/Fruehstueck-Snacks/Knaeckebrot-Zwieback-Getreidewaffeln/Wasa-Delicate-Crisp-Rosemary-Sea-Salt-190G.html,https://www.edeka24.de/out/pictures/generated/product/1/540_540_90/wasadcrosemaryseasalt.jpg
977,Lebensmittel,Frühstück & Snacks,Knäckebrot-Zwieback-Getreidewaffeln,Alnatura Bio Dinkel Chia Knäcke 200G,"2,49 €","12,45 €/kg","inkl. MwSt., zzgl. 4.95 € Versandkosten.",lieferbar innerhalb von 2-5 Werktagen,2023-05-02 23:43:54.702882,Bio Knäckebrot mit Dinkel 57% und Chiasamen 5%,Hinweis zur Aufbewahrung: Bitte trocken und verschlossen lagern. Vor Wärme schützen.,"Verantwortliches Lebensmittelunternehmen:
Alnatura GmbH, Mahatma-Gandhi-Straße 7, 64295 Darmstadt","Zutatenverzeichnis: DINKELVOLLKORNMEHL*¹ 32%, DINKELVOLLKORNSCHROT*¹ 27%, Hafervollkornflocken*, ROGGENVOLLKORNMEHL*, Leinsamen*, Chiasamen (Salvia Hispanica)* 5%, SESAM*, Sonnenblumenkerne*, Sonnenblumenöl*, Reismehl*, Meersalz, Hefe*, GERSTENMALZEXTRAKT* *aus biologischer Landwirtschaft ¹Dinkel ist eine Urweizenart. Kann Spuren von EI, SOJA, MILCH, MANDEL und NÜSSEN enthalten.",1750,417,13,"1,7",53,1,16,"1,7",https://www.edeka24.de/Lebensmittel/Fruehstueck-Snacks/Knaeckebrot-Zwieback-Getreidewaffeln/Alnatura-Bio-Dinkel-Chia-Knaecke-200G.html,https://www.edeka24.de/out/pictures/generated/product/1/540_540_90/alnatura_bio_chia_kncke_200_g.jpg
978,Lebensmittel,Frühstück & Snacks,Knäckebrot-Zwieback-Getreidewaffeln,Wasa Delicate Crisp Sesame & Sea Salt 190G,"3,19 €","16,79 €/kg","inkl. MwSt., zzgl. 4.95 € Versandkosten.",lieferbar innerhalb von 2-5 Werktagen,2023-05-02 23:43:58.193407,Backware aus VOLLKORNWEIZENMEHL und SESAMSAMEN,Hinweis zur Aufbewahrung: Kühl und trocken lagern,"Verantwortliches Lebensmittelunternehmen:
Barilla Deutschland GmbH, Bereich Wasa., Wasastraße 10, D-29229 Celle","Zutatenverzeichnis: WEIZENVOLLKORNMEHL, WEIZENMEHL, SESAMSAMEN (13 %), Rapsöl, Meersalz (1,4 %), GERSTENMALZEXTRAKT, Salz, Hefe, Antioxidationsmittel: Extrakt aus Rosmarin.",1786,425,"13,5","1,7",59,3,"12,2",2,https://www.edeka24.de/Lebensmittel/Fruehstueck-Snacks/Knaeckebrot-Zwieback-Getreidewaffeln/Wasa-Delicate-Crisp-Sesame-Sea-Salt-190G.html,https://www.edeka24.de/out/pictures/generated/product/1/540_540_90/wasadcsesaseasa.jpg
979,Lebensmittel,Frühstück & Snacks,Knäckebrot-Zwieback-Getreidewaffeln,Wasa Tasty Snacks Roasted Garlic & Sea Salt 190G,"3,19 €","16,79 €/kg","inkl. MwSt., zzgl. 4.95 € Versandkosten.",lieferbar innerhalb von 2-5 Werktagen,2023-05-02 23:44:01.804268,"Backware mit Vollkornweizenmehl, geröstetem Knoblauch und Meersalz.","Hinweis zur Aufbewahrung: Trocken, vor Licht und Wärme geschützt lagern.","Verantwortliches Lebensmittelunternehmen:
Barilla Deutschland GmbH, Gustav-Heinemann-Ufer 72c, 50968 Köln","Zutatenverzeichnis: WEIZENVOLLKORNMEHL (52 g*), WEIZENMEHL (46 g*), Sonnenblumenöl, gerösteter Knoblauch Mix (gerösteter Knoblauch 1,5 g* (Knoblauch 1,4 g*, Sonnenblumenöl), natürliches Aroma, Petersilie), Meersalz(1,3 g*), Salz, GERSTENMALZEXTRAKT, Hefe, Antioxidationsmittel: Extrakt aus Rosmarin. Kann Spuren von SESAMSAMEN und MILCH enthalten. *in g pro 100 g Produkt.",1667,396,"7,6",1,65,"4,2",12,"2,3",https://www.edeka24.de/Lebensmittel/Fruehstueck-Snacks/Knaeckebrot-Zwieback-Getreidewaffeln/Wasa-Tasty-Snacks-Roasted-Garlic-Sea-Salt-190G.html,https://www.edeka24.de/out/pictures/generated/product/1/540_540_90/wasa_tasty_snacks_roasted_garlic_amp_sea_salt_190g.jpg
980,Lebensmittel,Frühstück & Snacks,Knäckebrot-Zwieback-Getreidewaffeln,Wasa Selection Chia & Meersalz 245G,"2,39 €","9,76 €/kg","inkl. MwSt., zzgl. 4.95 € Versandkosten.",lieferbar innerhalb von 2-5 Werktagen,2023-05-02 23:44:05.521757,Backware aus Vollkorn-Roggen mit Chiasamen und Meersalz.,"Hinweis zur Aufbewahrung: Trocken, vor Licht und Wärme geschützt lagern.","Verantwortliches Lebensmittelunternehmen:
Barilla Deutschland GmbH, Gustav-Heinemann-Ufer 72c, 50968 Köln","Zutatenverzeichnis: ROGGENVOLLKORNMEHL (101g*), Chiasamen (Salvia hispanica) (8,6g*), Hefe, Meersalz (0,5g*), Salz. *in g pro 100g Produkt. Kann Spuren von MILCH und SESAMSAMEN enthalten.",1464,348,"3,6","0,5",58,1,10,"1,2",https://www.edeka24.de/Lebensmittel/Fruehstueck-Snacks/Knaeckebrot-Zwieback-Getreidewaffeln/Wasa-Selection-Chia-Meersalz-245G.html,https://www.edeka24.de/out/pictures/generated/product/1/540_540_90/wasa_selection_chia_amp_meersalz_245g.jpg
981,Lebensmittel,Frühstück & Snacks,Knäckebrot-Zwieback-Getreidewaffeln,Sommer Demeter Vollkorn-Zwieback 200G,"2,19 €","10,95 €/kg","inkl. MwSt., zzgl. 4.95 € Versandkosten.",lieferbar innerhalb von 2-5 Werktagen,2023-05-02 23:44:10.875509,Vollkorn-Zwieback ohne Zuckerzusatz,Hinweis zur Aufbewahrung: Kühl und trocken lagern.,"Verantwortliches Lebensmittelunternehmen:
Sommer GmbH & Co. KG, Rudolf-Diesel-Str. 5, 61267 Neu-Anspach","Zutatenverzeichnis: WEIZENVOLLKORNMEHL** (83%), WEIZENMEHL Type 550** (9%), Sonnenblumenöl*, Hefe*, Meersalz. *Zutaten aus ökol. Landbau, **Zutaten aus biol.dynamischem Anbau,",1644,389,"6,2","0,7",67,"2,4",13,"1,18",https://www.edeka24.de/Lebensmittel/Fruehstueck-Snacks/Knaeckebrot-Zwieback-Getreidewaffeln/Sommer-Demeter-Vollkorn-Zwieback-200G.html,https://www.edeka24.de/out/pictures/generated/product/1/540_540_90/sommer_demeter_vollkornzwieback.jpg
982,Lebensmittel,Frühstück & Snacks,Knäckebrot-Zwieback-Getreidewaffeln,Wasa Delicate Rounds Sesame & Sea Salt 235G,"3,19 €","13,57 €/kg","inkl. MwSt., zzgl. 4.95 € Versandkosten.",lieferbar innerhalb von 2-5 Werktagen,2023-05-02 23:44:17.596817,Knäckebrot aus Weizen mit Sesamkörnern & Meersalz,"Hinweis zur Aufbewahrung: Trocken, vor Licht und Wärme geschützt lagern.","Verantwortliches Lebensmittelunternehmen:
Barilla Deutschland GmbH, Bereich Wasa, Wasastraße 10, D-29229 Celle","Zutatenverzeichnis: WEIZENMEHL (83%), SESAMKÖRNER (10%), Rapsöl, Hefe, Zucker, Salz, Meersalz (0,58%).",1715,407,10,"1,2","64,3","3,5",12,"1,28",https://www.edeka24.de/Lebensmittel/Fruehstueck-Snacks/Knaeckebrot-Zwieback-Getreidewaffeln/Wasa-Delicate-Rounds-Sesame-Sea-Salt-235G.html,https://www.edeka24.de/out/pictures/generated/product/1/540_540_90/wasadrsesaseasa.jpg
983,Lebensmittel,Frühstück & Snacks,Knäckebrot-Zwieback-Getreidewaffeln,Brandt Knäck'it Lucky Sesam 190G,"2,39 €","12,58 €/kg","inkl. MwSt., zzgl. 4.95 € Versandkosten.",lieferbar innerhalb von 2-5 Werktagen,2023-05-02 23:44:24.965230,Hafervollkornknäckebrot mit Sesam bestreut.,Hinweis zur Aufbewahrung: Kühl und trocken lagern.,"Verantwortliches Lebensmittelunternehmen:
Brandt Backwaren Vertriebs GmbH, 58135 Hagen","Zutatenverzeichnis: ROGGENVOLLKORNMEHL, HAFERVOLLKORNSCHROT, SESAM, Salz. Kann Spuren von MILCH und anderen GLUTENHALTIGEN GETREIDEN enthalten.",1579,376,"7,1","1,4",55,1,13,"0,9",https://www.edeka24.de/Lebensmittel/Fruehstueck-Snacks/Knaeckebrot-Zwieback-Getreidewaffeln/Brandt-Knaeck-it-Lucky-Sesam-190G.html,https://www.edeka24.de/out/pictures/generated/product/1/540_540_90/brandt_knamp228ck039it_lucky_sesam_190g.jpg
984,Lebensmittel,Frühstück & Snacks,Knäckebrot-Zwieback-Getreidewaffeln,Leicht & Cross Mein Knusperbrot Vital 125G,"1,29 €","10,32 €/kg","inkl. MwSt., zzgl. 4.95 € Versandkosten.",lieferbar innerhalb von 2-5 Werktagen,2023-05-02 23:44:29.332369,Trockenflachbrot Mehrkorn,Hinweis zur Aufbewahrung: Vor Wärme schützen. Trocken lagern.,"Verantwortliches Lebensmittelunternehmen:
Griesson - de Beukelaer, 56751 Polch","Zutatenverzeichnis: ROGGENVOLLKORNMEHL, WEIZENMEHL, Reismehl, HAFERMEHL, Salz, Inulin, Sonnenblumenöl, WEIZENMALZMEHL, Vitamine (B1, B2, Niacin, Pantothensäure, B6), Eisen. Zur Herstellung von 100g des Produktes werden 51 g Roggenvollkornmehl, 37g Weizenmehl, 15g Reismehl und 2g Hafermehl verwendet. Kann Spuren enthalten von: EI, SOJA, SESAM, MILCH.",1540,364,"2,5","0,3",70,1,11,"1,3",https://www.edeka24.de/Lebensmittel/Fruehstueck-Snacks/Knaeckebrot-Zwieback-Getreidewaffeln/Leicht-Cross-Mein-Knusperbrot-Vital-125G.html,https://www.edeka24.de/out/pictures/generated/product/1/540_540_90/leichtampcroknusperbrvital125g.jpg
985,Lebensmittel,Frühstück & Snacks,Knäckebrot-Zwieback-Getreidewaffeln,Brandt Minis Vollkorn Zartbitter 115G,"1,59 €","13,83 €/kg","inkl. MwSt., zzgl. 4.95 € Versandkosten.",lieferbar innerhalb von 2-5 Werktagen,2023-05-02 23:44:33.946506,Vollkornzwieback mit Zartbitter-Schokolade,Hinweis zur Aufbewahrung: Kühl und trocken lagern.,"Verantwortliches Lebensmittelunternehmen:
Brandt Backwaren Vertriebs GmbH, 58135 Hagen","Zutatenverzeichnis: Zartbitterschokolade (45%) {Kakaomasse*, Zucker, Kakaobutter*, Emulgator [Lecithine (SOJA)], natürliches Aroma}, WEIZENVOLLKORNMEHL (42%), WEIZENMEHL, Zucker, Sonnenblumenöl (ölsäurereich), GERSTENMALZEXTRAKT, Hefe, Säureregulator (Calciumcarbonat, Calciumacetat), Speisesalz, SÜSSMOLKENPULVER (aus MILCH), Invertzuckersirup, Emulgator [Lecithine (SOJA)], WEIZENPROTEIN, Bachtriebmittel (Natriumcarbonate), Säuerungsmittel (Zitronensäure), Mehlbehandlungsmittel (Ascorbinsäure) *Rainforest Alliance Certified",1999,478,22,12,56,27,"9,4","0,62",https://www.edeka24.de/Lebensmittel/Fruehstueck-Snacks/Knaeckebrot-Zwieback-Getreidewaffeln/Brandt-Minis-Vollkorn-Zartbitter-115G.html,https://www.edeka24.de/out/pictures/generated/product/1/540_540_90/brandtminisvkzb.jpg
986,Lebensmittel,Frühstück & Snacks,Knäckebrot-Zwieback-Getreidewaffeln,Edeka Bio Reiswaffeln Joghurt 100G,"1,19 €","11,90 €/kg","inkl. MwSt., zzgl. 4.95 € Versandkosten.",lieferbar innerhalb von 2-5 Werktagen,2023-05-02 23:44:38.037021,Reiswaffeln mit Überzug mit Joghurtgeschmack,Hinweis zur Aufbewahrung: Kühl und trocken lagern. Nach dem Öffnen luftdicht verschliessen.,"Verantwortliches Lebensmittelunternehmen:
EDEKA Zentrale Stiftung & Co. KG, 22291 Hamburg","Zutatenverzeichnis: 60% Überzug mit Joghurtgeschmack (Rohrohrzucker*, Kakaobutter*1, 8,9% MAGERMILCHJOGHURTPULVER*, VOLLMILCHPULVER*), 39% Reis*, SESAM*,Meersalz. Das Produkt kann Spuren von SOJA und SCHALENFRÜCHTEN enthalten. *aus kontrolliert ökologischer Landwirtschaft 1 Rainforest Alliance-zertifiziert",2123,507,26,16,61,31,"6,6","0,22",https://www.edeka24.de/Lebensmittel/Fruehstueck-Snacks/Knaeckebrot-Zwieback-Getreidewaffeln/Edeka-Bio-Reiswaffeln-Joghurt-100G.html,https://www.edeka24.de/out/pictures/generated/product/1/540_540_90/ebioreiswaffelnjoghurt.jpg
987,Lebensmittel,Frühstück & Snacks,Knäckebrot-Zwieback-Getreidewaffeln,Schär Knusperbrot dunkel fettarm mit Teff und Buchweizen 125G,"2,29 €","18,32 €/kg","inkl. MwSt., zzgl. 4.95 € Versandkosten.",lieferbar innerhalb von 2-5 Werktagen,2023-05-02 23:44:42.147334,Glutenfreies Knusperbrot. Speziell formuliert für Menschen mit Glutenunverträglichkeit.,Hinweis zur Aufbewahrung: Bei Raumtemperatur trocken lagern.,"Verantwortliches Lebensmittelunternehmen:
Dr. Schär AG/SPA, Winkelau 9, 39014 Burgstall/Postal (BZ) Italy","Zutatenverzeichnis: Maismehl, Reismehl, Teffmehl 20%, Buchweizenmehl 10%, Erbsenfaser, Salz, Apfelextrakt. Kann Spuren von SOJA enthalten.",1544,365,"1,8","0,4",76,0,"8,1","1,1",https://www.edeka24.de/Lebensmittel/Fruehstueck-Snacks/Knaeckebrot-Zwieback-Getreidewaffeln/Schaer-Knusperbrot-dunkel-fettarm-mit-Teff-und-Buchweizen-125G.html,https://www.edeka24.de/out/pictures/generated/product/1/540_540_90/schaer_knusperbrdunkel125g.jpg
988,Lebensmittel,Frühstück & Snacks,Knäckebrot-Zwieback-Getreidewaffeln,EDEKA Bio 3 Saaten Knäckebrot 200G,"2,29 €","11,45 €/kg","inkl. MwSt., zzgl. 4.95 € Versandkosten.",lieferbar innerhalb von 2-5 Werktagen,2023-05-02 23:44:45.702823,"Knäckebrot mit Sonnenblumenkernen, Sesam und leinsamen",Hinweis zur Aufbewahrung: Vor Wärme geschützt und trocken lagern.,"Verantwortliches Lebensmittelunternehmen:
EDEKA ZENTRALE Stiftung & Co. KG, D-22291 Hamburg","Zutatenverzeichnis: WEIZENVOLLKORNMEHL*, 12% Sonnenblumenkerne*, 6% SESAM*, 6% Leinsamen*, Rapsöl*, WEIZENMEHL*, Hefe*, Haferflocken*, Meersalz, GERSTENMALZMEHL*. Das Produkt kann Spuren von SOJA und MILCH enthalten. * aus kontrolliert ökologischer Landwirtschaft.",1921,459,"20,3",2,"48,5","1,4","15,1","1,4",https://www.edeka24.de/Lebensmittel/Fruehstueck-Snacks/Knaeckebrot-Zwieback-Getreidewaffeln/EDEKA-Bio-3-Saaten-Knaeckebrot-200G.html,https://www.edeka24.de/out/pictures/generated/product/1/540_540_90/bio_edeka_knamp228ckebrot_3_saaten_200g.jpg
989,Lebensmittel,Frühstück & Snacks,Knäckebrot-Zwieback-Getreidewaffeln,Brandt Knäck'it Sunny Roggen 200G,"2,39 €","11,95 €/kg","inkl. MwSt., zzgl. 4.95 € Versandkosten.",lieferbar innerhalb von 2-5 Werktagen,2023-05-02 23:44:49.466421,Hafervollkornknäckebrot,Hinweis zur Aufbewahrung: Kühl und trocken lagern.,"Verantwortliches Lebensmittelunternehmen:
Brandt Backwaren Vertriebs GmbH, 58135 Hagen","Zutatenverzeichnis: ROGGENVOLLKORNMEHL, HAFERVOLLKORNSCHROT, Salz. Kann Spuren von SESAM, MILCH und anderen GLUTENHALTIGEN GETREIDEARTEN enthalten.",1526,362,"2,9","0,7",64,"1,5",11,1,https://www.edeka24.de/Lebensmittel/Fruehstueck-Snacks/Knaeckebrot-Zwieback-Getreidewaffeln/Brandt-Knaeck-it-Sunny-Roggen-200G.html,https://www.edeka24.de/out/pictures/generated/product/1/540_540_90/brandt_knamp228ck039it_sunny_roggen_200g.jpg
990,Lebensmittel,Frühstück & Snacks,Knäckebrot-Zwieback-Getreidewaffeln,Schär Zwieback 175G,"3,79 €","21,66 €/kg","inkl. MwSt., zzgl. 4.95 € Versandkosten.",lieferbar innerhalb von 2-5 Werktagen,2023-05-02 23:44:55.990572,Glutenfreier Zwieback. Speziell formuliert für Menschen mit Glutenunverträglichkeit.,Hinweis zur Aufbewahrung: Bei Raumtemperatur trocken lagern.,"Verantwortliches Lebensmittelunternehmen:
Dr. Schär AG/SPA, Winkelau 9, 39014 Burgstall/Postal (BZ) Italy","Zutatenverzeichnis: Maisstärke, Reismehl, Sonnenblumenöl mit hohem Ölsäuregehalt, Zucker, pflanzliche Faser (Psyllium, Bambus), Reissirup, Verdickungsmittel: Hydroxypropylmethylcellulose; Buchweizenmehl, Linsenmehl, Erbsenprotein, Hefe, Salz, natürliches Aroma. kann Spuren von SOJA enthalten.",1656,393,"6,3","0,6",76,"4,4","3,9","1,8",https://www.edeka24.de/Lebensmittel/Fruehstueck-Snacks/Knaeckebrot-Zwieback-Getreidewaffeln/Schaer-Zwieback-175G.html,https://www.edeka24.de/out/pictures/generated/product/1/540_540_90/schamp228r_zwieback_175g.jpg
991,Lebensmittel,Frühstück & Snacks,Knäckebrot-Zwieback-Getreidewaffeln,Schär Knusperbrot fettarm 150G,"2,19 €","14,60 €/kg","inkl. MwSt., zzgl. 4.95 € Versandkosten.",lieferbar innerhalb von 2-5 Werktagen,2023-05-02 23:44:59.550378,Glutenfreies Knusperbrot aus Reis- und Maismehl. Speziell formuliert für Menschen mit Glutenunverträglichkeit.,Hinweis zur Aufbewahrung: Bei Raumtemperatur trocken lagern.,"Verantwortliches Lebensmittelunternehmen:
Dr. Schär AG/SPA, Winkelau 9, 39014 Burgstall/Postal (BZ) Italy","Zutatenverzeichnis: Reismehl, Maismehl, Zucker, Salz. Kann Spuren von SOJA enthalten.",1611,380,"1,7","0,3",84,6,6,"1,4",https://www.edeka24.de/Lebensmittel/Fruehstueck-Snacks/Knaeckebrot-Zwieback-Getreidewaffeln/Schaer-Knusperbrot-fettarm-150G.html,https://www.edeka24.de/out/pictures/generated/product/1/540_540_90/schaer_croknusperbr150g.jpg
992,Lebensmittel,Frühstück & Snacks,Knäckebrot-Zwieback-Getreidewaffeln,Wasa Delicate Rounds French Herbs 205G,"3,19 €","15,56 €/kg","inkl. MwSt., zzgl. 4.95 € Versandkosten.",lieferbar innerhalb von 2-5 Werktagen,2023-05-02 23:45:03.447956,Knäckebrot aus Weizen mit französischen Kräutern & Meersalz,"Hinweis zur Aufbewahrung: Trocken, vor Licht und Wärme geschützt lagern.","Verantwortliches Lebensmittelunternehmen:
Barilla Deutschland GmbH, Bereich Wasa, Wasastraße 10, D-29229 Celle","Zutatenverzeichnis: WEIZENMEHL (93%), Rapsöl, Hefe, Zucker, natürliches Aroma, Emulgator (Mono- und Diglyceride von pflanzlichen Fettsäuren), Salz, Meersalz (0,56%), französische Kräuter-Mischung (Rosmarin, Petersilie, Basilikum) (0,19%). Kann Spuren von SESAMSAMEN enthalten.",385,1626,"6,5","0,8","67,2",4,11,1,https://www.edeka24.de/Lebensmittel/Fruehstueck-Snacks/Knaeckebrot-Zwieback-Getreidewaffeln/Wasa-Delicate-Rounds-French-Herbs-205G.html,https://www.edeka24.de/out/pictures/generated/product/1/540_540_90/wasadrfrenherb.jpg
993,Lebensmittel,Frühstück & Snacks,Müsli- & Fruchtriegel,EDEKA Bio Knusperriegel Nussmix 3ST 75G,"1,29 €","17,20 €/kg","inkl. MwSt., zzgl. 4.95 € Versandkosten.",lieferbar innerhalb von 2-5 Werktagen,2023-05-02 23:45:07.729657,"Riegel mit Erdnusskernen, Mandeln, Rosinen und Kürbiskernen",Hinweis zur Aufbewahrung: Vor Wärme geschützt und trocken lagern.,"Verantwortliches Lebensmittelunternehmen:
EDEKA ZENTRALE Stiftung & Co. KG, D-22291 Hamburg","Zutatenverzeichnis: 38% ERDNUSSKERNE*, 20% Honig*, 16% Mandeln*, 13% Rosinen, 13% Kürbiskerne*, Sonnenblumenöl*. Das Produkt kann Spuren von SESAM und anderen SCHALENFRÜCHTEN enthalten. *aus kontrolliert ökologischer Landwirtschaft",2259,452,"33,7","4,7","39,6","26,9",17,"0,01",https://www.edeka24.de/Lebensmittel/Fruehstueck-Snacks/Muesli-Fruchtriegel/EDEKA-Bio-Knusperriegel-Nussmix-3ST-75G.html,https://www.edeka24.de/out/pictures/generated/product/1/540_540_90/bio_edeka_knusperriegel_nussmix_3x25g.jpg
994,Lebensmittel,Frühstück & Snacks,Müsli- & Fruchtriegel,Corny Nussvoll Dreierlei Nuss & Karamell 4ST 96G,"1,69 €","17,60 €/kg","inkl. MwSt., zzgl. 4.95 € Versandkosten.",lieferbar innerhalb von 2-5 Werktagen,2023-05-02 23:45:11.323370,Erdnuss-Mandel-Haselnuss-Riegel mit Karamell,Hinweis zur Aufbewahrung: Vor Wärme schützen. Kühl und trocken lagern.,"Verantwortliches Lebensmittelunternehmen:
Schwartauer Werke GmbH & Co. KGaA, 23608 Bad Schwartau","Zutatenverzeichnis: Geröstete ERDNÜSSE 46%, Karamellsauce (Glukosesirup, gezuckerte KONDENSMILCH (VOLLMILCH, Zucker), Glukose-Fruktose-Sirup, Wasser, BUTTER, modifizierte Stärke, GERSTENMALZEXTRAKT, Stabilisator Natriumcitrat, Salz) 12%, Karamellstückchen (Zucker, Kakaobutter, VOLLMILCHPULVER, Karamellpulver(MAGERMILCHPULVER, MOLKENPULVER, Zucker, BUTTER, natürliches Aroma), fettarmes Kakaopulver, Emulgator Sonnenblumen-Lecithine) 10%, geröstete MANDELN 8%, Glukosesirup, Glukose-Fruktose-Sirup, VOLLKORNWEIZEN-Crispies (WEIZENVOLLKORNMEHL, WEIZENGLUTEN, GERSTENMALZ) 4%, geröstetete HASELNÜSSE 3%, Kokosfett, Stabilisator Glycerin, Salz, Emulgator Sonnenblumen-Lecithine, natürliches Aroma.",2265,544,"36,9","9,7","35,1",19,"15,3","0,28",https://www.edeka24.de/Lebensmittel/Fruehstueck-Snacks/Muesli-Fruchtriegel/Corny-Nussvoll-Dreierlei-Nuss-Karamell-4ST-96G.html,https://www.edeka24.de/out/pictures/generated/product/1/540_540_90/corny_nussvoll_dreierlei_nuss_amp_karamell_4st_96g.jpg
995,Lebensmittel,Frühstück & Snacks,Müsli- & Fruchtriegel,Corny Nussig Riegel 6ST 150G,"1,69 €","11,27 €/kg","inkl. MwSt., zzgl. 4.95 € Versandkosten.",lieferbar innerhalb von 2-5 Werktagen,2023-05-02 23:45:15.509425,Müsliriegel Haselnuss,Hinweis zur Aufbewahrung: Vor Wärme schützen. Kühl und trocken lagern.,"Verantwortliches Lebensmittelunternehmen:
Schwartauer Werke GmbH & Co. KGaA, 23608 Bad Schwartau","Zutatenverzeichnis: Geröstete Vollkorngetreideflocken (HAFER- 20%, GERSTEN- 4%, WEIZEN- 3%), Glukose-Fruktose-Sirup, Getreidecrispies (WEIZENMEHL 8%, Zucker, Maismehl 1%, Reismehl 1%, GERSTENMALZ, Salz, Karamellzuckersirup), Glukosesirup, HASELNÜSSE 10%, Zucker, Cornflakes (Mais 6%, Salz,GERSTENMALZEXTRAKT), Kokosfett, geröstete Kokosflocken, Honig 1%, Salz, Karamellzuckersirup, Emulgator Sonnenblumen-Lecithine, natürliches Aroma.",434,1824,"15,7","7,9","64,1","28,3","6,6","0,6",https://www.edeka24.de/Lebensmittel/Fruehstueck-Snacks/Muesli-Fruchtriegel/Corny-Nussig-Riegel-6ST-150G.html,https://www.edeka24.de/out/pictures/generated/product/1/540_540_90/corny_nussig.jpg
996,Lebensmittel,Frühstück & Snacks,Müsli- & Fruchtriegel,Corny Nussvoll Erdnuss & Vollmilch 4ST 96G,"1,69 €","17,60 €/kg","inkl. MwSt., zzgl. 4.95 € Versandkosten.",lieferbar innerhalb von 2-5 Werktagen,2023-05-02 23:45:20.825000,Erdnuss-Vollmilchschokoladen-Riegel,Hinweis zur Aufbewahrung: Vor Wärme schützen. Kühl und trocken lagern.,"Verantwortliches Lebensmittelunternehmen:
Schwartauer Werke GmbH & Co. KGaA, 23608 Bad Schwartau","Zutatenverzeichnis: Geröstete ERDNÜSSE 59%, Glukosesirup, Glukose-Fruktose-Sirup, VOLLMILCHSCHOKOLADENSTÜCKE 10% (Zucker, Kakaomasse, VOLLMILCHPULVER, Kakaobutter, Emulgator Sonnenblumen-Lecithine, VOLLKORNWEIZEN-Crispies 5% (WEIZENVOLLKORNMEHL,WEIZENGLUTEN, GERSTENMALZ), Kokosfett, Stabilisator Glycerin, Karamellzuckersirup, Salz, Emulgator Sonnenblumen-Lecithine.",553,2303,"35,8","10,2","38,4","18,9",17,"0,23",https://www.edeka24.de/Lebensmittel/Fruehstueck-Snacks/Muesli-Fruchtriegel/Corny-Nussvoll-Erdnuss-Vollmilch-4ST-96G.html,https://www.edeka24.de/out/pictures/generated/product/1/540_540_90/corny_nussvoll_erdnuss_amp_vollmilch_4st_96g.jpg
997,Lebensmittel,Frühstück & Snacks,Müsli- & Fruchtriegel,EDEKA Bio Sesam Knusperriegel 3ST 75G,"1,29 €","17,20 €/kg","inkl. MwSt., zzgl. 4.95 € Versandkosten.",lieferbar innerhalb von 2-5 Werktagen,2023-05-02 23:45:27.136580,-,Hinweis zur Aufbewahrung: Vor Wärme geschützt und trocken lagern.,"Verantwortliches Lebensmittelunternehmen:
EDEKA ZENTRALE Stiftung & Co. KG, D-22291 Hamburg","Zutatenverzeichnis: 53% SESAM*, Maltosesirup*, Rohrzucker*, 5% Honig*. *aus kontrolliert ökologischer Landwirtschaft Das Produkt kann Spuren von ERDNÜSSEN und SCHALENFRÜCHTEN enthalten.",2225,534,"32,5","4,8","46,3","40,3","10,9","0,1",https://www.edeka24.de/Lebensmittel/Fruehstueck-Snacks/Muesli-Fruchtriegel/EDEKA-Bio-Sesam-Knusperriegel-3ST-75G.html,https://www.edeka24.de/out/pictures/generated/product/1/540_540_90/bio_edeka_sesam_knusperriegel_3x25g.jpg
998,Lebensmittel,Frühstück & Snacks,Müsli- & Fruchtriegel,Nature Valley Full Mix Cranberries 120G,"1,99 €","16,58 €/kg","inkl. MwSt., zzgl. 4.95 € Versandkosten.",lieferbar innerhalb von 2-5 Werktagen,2023-05-02 23:45:32.379466,"Müsliriegel mit Cranberries, Erdnüssen, Samen, Hafer und Erdnussbutter.",,"Verantwortliches Lebensmittelunternehmen:
General Mills GmbH, Osterbekstr. 90c, 22083 Hamburg","Zutatenverzeichnis: ERDNUSSBUTTER (19,6%) (ERDNÜSSE, Speisesalz), VOLLKORN-HAFERFLOCKEN (12%), Cranberry-Stückchen (11,4%), Zucker, Chicorée-Wurzel-Extrakt, geröstete ERDNÜSSE (8,1%), Honig, Sonnenblumenkerne (4,4%), Kürbiskerne (4,3%), Glukosesirup, Palmfett, teilweiße entfettes ERDNUSSMEHL, WEIZENMEHL, Calciumcaseinat (von MILCH), Feuchthaltemittel (Glycerin), Reismehl, Molkenproteinisolat (von MILCH), Sonnenblumenöl, Speisesalz, Dextrose, Antioxidationsmittel (stark tocopherolhaltige Extrakte, Sonnenblumenlecithin). KANN SOJA, SESAM und SCHALENFRÜCHTE enthalten.",1926,462,"23,7",5,"42,2","24,6",14,"0,51",https://www.edeka24.de/Lebensmittel/Fruehstueck-Snacks/Muesli-Fruchtriegel/Nature-Valley-Full-Mix-Cranberries-120G.html,https://www.edeka24.de/out/pictures/generated/product/1/540_540_90/nature_valley_full_mix_cranberries_120g.jpg
999,Lebensmittel,Frühstück & Snacks,Müsli- & Fruchtriegel,Corny Nussvoll Nuss-Quartet & Traube 4ST 96G,"1,69 €","17,60 €/kg","inkl. MwSt., zzgl. 4.95 € Versandkosten.",lieferbar innerhalb von 2-5 Werktagen,2023-05-02 23:45:36.000843,Erdnuss-Mandel-Haselnuss-Cashewkern-Riegel mit Sultaninen,Hinweis zur Aufbewahrung: Vor Wärme schützen. Kühl und trocken lagern.,"Verantwortliches Lebensmittelunternehmen:
Schwartauer Werke GmbH & Co. KGaA, 23608 Bad Schwartau","Zutatenverzeichnis: Geröstete ERDNÜSSE 31%, Sultaninen 16%, Glukosesirup, geröstete MANDELN 13%, Glukose-Fruktose-Sirup, VOLLKORNWEIZEN-Crispies 7% (WEIZENVOLLKORNMEHL, WEIZENGLUTEN, GERSTENMALZ), geröstetete HASELNÜSSE 5%, Zucker, Kokosfett, CASHEWKERNE 2%, HASELNUSSMARK 2% , Emulgator Sonnenblumen-Lecithine, Salz, Baumwollsaatöl.",2169,520,"31,7","6,9","41,4","24,2","13,7","0,22",https://www.edeka24.de/Lebensmittel/Fruehstueck-Snacks/Muesli-Fruchtriegel/Corny-Nussvoll-Nuss-Quartet-Traube-4ST-96G.html,https://www.edeka24.de/out/pictures/generated/product/1/540_540_90/corny_nussvoll_nussquartet_amp_traube_4st_96g.jpg
1000,Lebensmittel,Frühstück & Snacks,Müsli- & Fruchtriegel,Alnatura Bio Sesam-Krokant-Riegel 4ST 108G,"2,19 €","20,28 €/kg","inkl. MwSt., zzgl. 4.95 € Versandkosten.",lieferbar innerhalb von 2-5 Werktagen,2023-05-02 23:45:40.473313,-,Hinweis zur Aufbewahrung: Bitte trocken lagern und vor Wärme schützen.,"Verantwortliches Lebensmittelunternehmen:
Alnatura GmbH, Mahatma-Gandhi-Straße 7, 64295 Darmstadt","Zutatenverzeichnis: SESAM* 51 %, Glukosesirup* *aus biologischer Landwirtschaft . Kann Spuren von ERDNUSS und CASHEWNUSS enthalten.",1964,471,27,4,43,23,11,"0,1",https://www.edeka24.de/Lebensmittel/Fruehstueck-Snacks/Muesli-Fruchtriegel/Alnatura-Bio-Sesam-Krokant-Riegel-4ST-108G.html,https://www.edeka24.de/out/pictures/generated/product/1/540_540_90/bio_alnatura_sesamkrokantriegel_4st_108g.jpg
1001,Lebensmittel,Frühstück & Snacks,Müsli- & Fruchtriegel,Nature Valley Full Mix Blueberries 120G,"1,99 €","16,58 €/kg","inkl. MwSt., zzgl. 4.95 € Versandkosten.",lieferbar innerhalb von 2-5 Werktagen,2023-05-02 23:45:45.378383,"Müsliriegel mit Früchten, Erdnüssen, Hafer, Samen und Erdnussbutter.",,"Verantwortliches Lebensmittelunternehmen:
General Mills GmbH, Osterbekstr. 90c, 22083 Hamburg","Zutatenverzeichnis: ERDNUSSBUTTER (19,6%), Vollkorn-HAFERFLOCKEN (11,7%), Rosinen (10,9%), Chicorée-Wurzel-Extrakt, geröstete ERDNÜSSE (8,1%), Honig, Heidelbeerstückchen (5,5%), Zucker, Sonnenblumenkerne (4,4%), Kürbiskerne (4,3%), Glukosesirup, Palmfett, teilweiße entfettes ERDNUSSMEHL, WEIZENMEHL, Calciumcaseinat (von MILCH), Feuchthaltemittel (Glycerin), Reismehl, Molkenproteinisolat (von MILCH), pflanzliche Öle (Sonnenblume, Baumwollsamen), Speisesalz, Dextrose, natürliches Aroma, Antioxidationsmittel (stark tocopherolhaltige Extrakte, Sonnenblumenlecithin). Kann SOJA, SESAM und SCHALENFRÜCHTE enthalten.",1918,460,"23,6",5,"42,1","23,3",14,"0,21",https://www.edeka24.de/Lebensmittel/Fruehstueck-Snacks/Muesli-Fruchtriegel/Nature-Valley-Full-Mix-Blueberries-120G.html,https://www.edeka24.de/out/pictures/generated/product/1/540_540_90/nature_valley_full_mix_blueberries_120g.jpg
1002,Lebensmittel,Frühstück & Snacks,Müsli- & Fruchtriegel,Alnatura Bio Müsli-Riegel Schoko 6ST 150G,"2,49 €","16,60 €/kg","inkl. MwSt., zzgl. 4.95 € Versandkosten.",lieferbar innerhalb von 2-5 Werktagen,2023-05-02 23:45:49.436683,Bio Müsliriegel mit Vollmilchschokolade,Hinweis zur Aufbewahrung: Bitte trocken lagern und vor Wärme schützen.,"Verantwortliches Lebensmittelunternehmen:
Alnatura GmbH, Mahatma-Gandhi-Straße 7, 64295 Darmstadt","Zutatenverzeichnis: Getreidemehl* extrudiert mit Kakaopulver* (WEIZENMEHL*, Reismehl*, Rübenzucker*, Kakaopulver*, MAGERMILCHPULVER*, Meersalz), Glukosesirup*, HAFERFLOCKEN*, getrockneter Glukosesirup*, Vollmilchschokoladentropfen* 10% (Rohrzucker*, VOLLMILCHPULVER*, Kakaomasse*, Kakaobutter*, MOLKENPULVER*, Emulgator: SOJALECITHIN*), DINKELFLOCKEN*¹, Vollmilchschokolade* 7% (Rohrzucker*, Kakaobutter*, Vollmilchpulver*, Kakaomasse*), Cornflakes* (Mais*, Rohrzucker*, GERSTENMALZEXTRAKT*), Sonnenblumenöl*, Honig*, WEIZENMEHL*, Kakaopulver* stark entölt, Vanilleextrakt*, Meersalz *aus biologischer Landwirtschaft ¹Dinkel ist eine Urweizenart. Kann Spuren von MANDEL, HASELNUSS, WALNUSS, CASHEWNUSS, PECANUSS, PARANUSS, PISTAZIE und MACADAMIANUSS enthalten.",1784,424,14,"4,4",67,30,"6,1","0,35",https://www.edeka24.de/Lebensmittel/Fruehstueck-Snacks/Muesli-Fruchtriegel/Alnatura-Bio-Muesli-Riegel-Schoko-6ST-150G.html,https://www.edeka24.de/out/pictures/generated/product/1/540_540_90/bio_alnatura_mamp252sliriegel_schoko_150g.jpg
1003,Lebensmittel,Frühstück & Snacks,Müsli- & Fruchtriegel,Corny Crunch Hafer & Honig Riegel 6ST 120G,"1,69 €","14,08 €/kg","inkl. MwSt., zzgl. 4.95 € Versandkosten.",lieferbar innerhalb von 2-5 Werktagen,2023-05-02 23:45:53.293277,Haferriegel mit Honig,Hinweis zur Aufbewahrung: Vor Wärme schützen. Kühl und trocken lagern.,"Verantwortliches Lebensmittelunternehmen:
Schwartauer Werke GmbH & Co. KGaA, 23608 Bad Schwartau","Zutatenverzeichnis: VOLLKORN-HAFERFLOCKEN 45%, VOLLKORN-HAFERMEHL 17%,Zucker, Sonnenblumenöl, Maltodextrin, Honig 4%, Salz, Emulgator Sonnenblumen-Lecithine.",459,1926,"19,1","2,3","60,4","19,7","8,3","0,33",https://www.edeka24.de/Lebensmittel/Fruehstueck-Snacks/Muesli-Fruchtriegel/Corny-Crunch-Hafer-Honig-Riegel-6ST-120G.html,https://www.edeka24.de/out/pictures/generated/product/1/540_540_90/corny_crunch_hafer_amp_honig_riegel_6st_120g.jpg
1004,Lebensmittel,Frühstück & Snacks,Müsli- & Fruchtriegel,Alnatura Bio Müsli-Riegel Ahorn-Dattel 6ST 150G,"2,49 €","16,60 €/kg","inkl. MwSt., zzgl. 4.95 € Versandkosten.",lieferbar innerhalb von 2-5 Werktagen,2023-05-02 23:45:57.107845,Bio Müsliriegel mit Ahornsirup und Datteln,Hinweis zur Aufbewahrung: Bitte trocken lagern und vor Wärme schützen.,"Verantwortliches Lebensmittelunternehmen:
Alnatura GmbH, Mahatma-Gandhi-Straße 7, 64295 Darmstadt","Zutatenverzeichnis: HAFERFLOCKEN*, Glukosesirup*, Reismehl* extrudiert (Reismehl*, Rohrohrzucker*, GERSTENMALZMEHL*, Meersalz), Ahornsirup* 11%, Datteln* getrocknet 9%, Sonnenblumenöl*, Cornflakes* (Mais*, Rohrzucker*, Gerstenmalzextrakt*), Rohrzucker*, WEIZENMEHL* *aus biologischer Landwirtschaft . Kann Spuren von SOJA, MLICH, MANDEL, HASELNUSS, WALNUSS, CASHEWNUSS, PECANUSS, PARANUSS, PISTAZIE und MACADAMIANUSS enthalten.",1653,392,"9,7",1,69,23,"5,6","0,32",https://www.edeka24.de/Lebensmittel/Fruehstueck-Snacks/Muesli-Fruchtriegel/Alnatura-Bio-Muesli-Riegel-Ahorn-Dattel-6ST-150G.html,https://www.edeka24.de/out/pictures/generated/product/1/540_540_90/msliahorndattel.jpg
1005,Lebensmittel,Frühstück & Snacks,Müsli- & Fruchtriegel,Corny Haferkraft Banane 4ST 140G,"1,69 €","12,07 €/kg","inkl. MwSt., zzgl. 4.95 € Versandkosten.",lieferbar innerhalb von 2-5 Werktagen,2023-05-02 23:46:00.091560,Hafer-Bananen-Riegel,Hinweis zur Aufbewahrung: Vor Wärme schützen. Kühl und trocken lagern.,"Verantwortliches Lebensmittelunternehmen:
Schwartauer Werke, D-23608 Bad Schwartau","Zutatenverzeichnis: VOLLKORNHAFERFLOCKEN 50%, Glukosesirup, Glukose-Fruktose-Sirup, Bananensaftkonzentrat 10%, Kokosfett, getrocknete Bananen 3%, Zucker, natürliches Aroma, Emulgator Lecithine, Salz.",384,1617,"10,9","7,3","61,8","20,5",7,"0,12",https://www.edeka24.de/Lebensmittel/Fruehstueck-Snacks/Muesli-Fruchtriegel/Corny-Haferkraft-Banane-4ST-140G.html,https://www.edeka24.de/out/pictures/generated/product/1/540_540_90/corny_haferkraft_banane_4x35g.jpg
1006,Lebensmittel,Frühstück & Snacks,Müsli- & Fruchtriegel,Nature Valley Protein Salted Caramel Nut Riegel 4ST 160G,"3,39 €","21,19 €/kg","inkl. MwSt., zzgl. 4.95 € Versandkosten.",lieferbar innerhalb von 2-5 Werktagen,2023-05-02 23:46:03.759332,"Eiweißriegel mit Erdnüssen, Mandeln und Überzug mit salzigem Karamell-Geschmack.",Hinweis zur Aufbewahrung: Kühl und trocken aufbewahren.,"Verantwortliches Lebensmittelunternehmen:
General Mills GmbH, Osterbekstr. 90c, 22083 Hamburg","Zutatenverzeichnis: Geröstete ERDNÜSSE (38%), Chicorée-Wurzel-Extrakt, isoliertes SOJAPROTEIN, MANDELN (9%), Glukosesirup, Palmfett, Zucker, Molkenerzeugnis (MILCH), Fruktose, Maltodextrin, Sonnenblumenöl, Tapiokastärke, Feuchthaltemittel: Glycerin, Speisesalz, Karamellpulver (0,84%) (Zucker, MAGERMILCHPULVER), MAGERMILCHPULVER, Emulgator: Sonnenblumen- und SOJALECITHIN, natürliche Aromen. Kann weitere SCHALENFRÜCHTE und Zutaten aus SONNENBLUMEN enthalten.",500,2081,"30,8","7,7","23,5","13,5","25,8","1,08",https://www.edeka24.de/Lebensmittel/Fruehstueck-Snacks/Muesli-Fruchtriegel/Nature-Valley-Protein-Salted-Caramel-Nut-Riegel-4ST-160G.html,https://www.edeka24.de/out/pictures/generated/product/1/540_540_90/naturevalleyproteinsaltedcaramelcrunch.jpg
1007,Lebensmittel,Frühstück & Snacks,Müsli- & Fruchtriegel,Alnatura Bio Mandel Honig Riegel 40G,"1,39 €","34,75 €/kg","inkl. MwSt., zzgl. 4.95 € Versandkosten.",lieferbar innerhalb von 2-5 Werktagen,2023-05-02 23:46:07.258244,-,Hinweis zur Aufbewahrung: Bitte trocken lagern und vor Wärme schützen.,"Verantwortliches Lebensmittelunternehmen:
Alnatura GmbH, Darmstädter Str. 63, 64404 Bickenbach","Zutatenverzeichnis: MANDELN* 51 %, Honig* 31 %, VOLLMILCHPULVER*, Reissirup*, Oblaten*(WEIZENMEHL*, Kartoffelstärke*) *aus biologischer Landwirtschaft . Kann Spuren von HASELNUSS, CASHEWNUSS und PISTAZIE enthalten.",1929,463,27,"3,7",39,36,13,"0,13",https://www.edeka24.de/Lebensmittel/Fruehstueck-Snacks/Muesli-Fruchtriegel/Alnatura-Bio-Mandel-Honig-Riegel-40G.html,https://www.edeka24.de/out/pictures/generated/product/1/540_540_90/42096184-alnatura-bio-mandel-honig.jpg
1008,Lebensmittel,Frühstück & Snacks,Müsli- & Fruchtriegel,EDEKA Bio Haferbar Flapjack Team Deutschland Frucht 60G,"1,49 €","24,83 €/kg","inkl. MwSt., zzgl. 4.95 € Versandkosten.",lieferbar innerhalb von 2-5 Werktagen,2023-05-02 23:46:10.784772,"Bio Haferriegel mit getrockneten Bananenflocken, getrockenten Datteln und gefriergetrockneten Himbeeren",Hinweis zur Aufbewahrung: Vor Wärme und Licht geschützt und trocken lagern.,"Verantwortliches Lebensmittelunternehmen:
EDEKA ZENTRALE Stiftung & Co. KG, New York Ring 6, D-22297 Hamburg","Zutatenverzeichnis: 53,8 % HAFERVOLLKORNFLOCKEN**, 18,9 % HAFERSIRUP**, Sonnenblumenöl*, 5,0 % getrocknete Datteln**, 4,0 % Reissirup**, 3,5 % getrocknete Bananenflocken**, 2,1 % Schwarze Johannisbeer-Saftkonzentrat**, 1,6 % gefriergetrocknete Himbeeren**, Reismehl**. Das Produkt kann Spuren von HÜHNEREI, SOJA, MILCH, SCHALENFRÜCHTEN und SESAM enthalten. **aus kontrolliert ökologischer Landwirtschaft",1745,416,"15,7",2,"56,8",16,"8,5","0,02",https://www.edeka24.de/Lebensmittel/Fruehstueck-Snacks/Muesli-Fruchtriegel/EDEKA-Bio-Haferbar-Flapjack-Team-Deutschland-Frucht-60G.html,https://www.edeka24.de/out/pictures/generated/product/1/540_540_90/bio_edeka_haferbar_team_deutschland_frucht_60g(1).jpg
1009,Lebensmittel,Frühstück & Snacks,Müsli- & Fruchtriegel,Alnatura Bio Vielfrucht Riegel 40G,"1,19 €","29,75 €/kg","inkl. MwSt., zzgl. 4.95 € Versandkosten.",lieferbar innerhalb von 2-5 Werktagen,2023-05-02 23:46:14.334369,Bio Multifrucht-Cashewnuss-Riegel,Hinweis zur Aufbewahrung: Bitte trocken lagern und vor Wärme schützen.,"Verantwortliches Lebensmittelunternehmen:
Alnatura GmbH, Mahatma-Gandhi-Straße 7, 64295 Darmstadt","Zutatenverzeichnis: Rosinen*, CASHEWNÜSSE*, Feigen* getrocknet, Pflaumen* getrocknet, Datteln* getrocknet, Aprikosen* getrocknet, Palmfett*, Oblaten* (WEIZENMEHL*, Kartoffelstärke*) *aus biologischer Landwirtschaft. Kann Spuren von MANDEL und HASELNUSS enthalten.",1413,336,"9,2",3,53,49,5,"0,05",https://www.edeka24.de/Lebensmittel/Fruehstueck-Snacks/Muesli-Fruchtriegel/Alnatura-Bio-Vielfrucht-Riegel-40G.html,https://www.edeka24.de/out/pictures/generated/product/1/540_540_90/alnatura_bio_vielfrucht_riegel_40_g.jpg
1010,Lebensmittel,Frühstück & Snacks,Müsli- & Fruchtriegel,Alnatura Bio Granatapfel-Traube Fruchtschnitte 75G,"1,89 €","25,20 €/kg","inkl. MwSt., zzgl. 4.95 € Versandkosten.",lieferbar innerhalb von 2-5 Werktagen,2023-05-02 23:46:17.497778,Bio Granatapfel-Traube-Fruchtschnitte,Hinweis zur Aufbewahrung: Bitte trocken lagern und vor Wärme schützen.,"Verantwortliches Lebensmittelunternehmen:
Alnatura GmbH, Mahatma-Gandhi-Straße 7, 64295 Darmstadt","Zutatenverzeichnis: Mehrfruchtsaftkonzentrat* 20 % (Rote Trauben* 57 %, Granatapfel* 37 %, Schwarze Johannisbeere*), Apfelpulver* 19 % (Äpfel*, Reismehl*), Hafervollkornflocken*, Rohrohrzucker*, MANDELN*, WEIZENVOLLKORNFLOCKEN*, Rosinen* geölt 6,9 % (mit Sonnenblumenöl*), Korinthen* 6 %, Palmfett*, Oblaten* (WEIZENMEHL*, Kartoffelstärke*), Invertzuckersirup* *aus biologischer Landwirtschaft. Kann Spuren von HASELNUSS, CASHEWNUSS und PISTAZIE enthalten.",1626,386,11,"3,3",58,44,"5,6","0,04",https://www.edeka24.de/Lebensmittel/Fruehstueck-Snacks/Muesli-Fruchtriegel/Alnatura-Bio-Granatapfel-Traube-Fruchtschnitte-75G.html,https://www.edeka24.de/out/pictures/generated/product/1/540_540_90/alnaturarieggelgranatapfel-traube.jpg
1011,Lebensmittel,Frühstück & Snacks,Müsli- & Fruchtriegel,Alnatura Bio Cashew Krokant Riegel 30G,"0,99 €","33,00 €/kg","inkl. MwSt., zzgl. 4.95 € Versandkosten.",lieferbar innerhalb von 2-5 Werktagen,2023-05-02 23:46:20.989011,Bio Cashewnüsse-Krokant-Riegel,Hinweis zur Aufbewahrung: Trocken lagern undvor Wärme schützen.,"Verantwortliches Lebensmittelunternehmen:
Alnatura GmbH, Darmstädter Str. 63, 64404 Bickenbach","Zutatenverzeichnis: CASHEWNÜSSE* 65%, Glukosesirup*, Honig* * aus biologischerLandwirtschaft. Kann Spuren von ERDNUSS, MANDEL, HASELNUSS und SESAM enthalten.",2088,500,28,"5,9",47,21,14,"0,05",https://www.edeka24.de/Lebensmittel/Fruehstueck-Snacks/Muesli-Fruchtriegel/Alnatura-Bio-Cashew-Krokant-Riegel-30G.html,https://www.edeka24.de/out/pictures/generated/product/1/540_540_90/bio_alnatura_cashew_krokant_riegel_30g.jpg
1012,Lebensmittel,Frühstück & Snacks,Müsli- & Fruchtriegel,EDEKA Energy Balls Datteln Haselnuss Kakao 145G,"2,79 €","19,24 €/kg","inkl. MwSt., zzgl. 4.95 € Versandkosten.",lieferbar innerhalb von 2-5 Werktagen,2023-05-02 23:46:24.761389,"Kugeln aus zerkleinerten, getrockneten Datteln, Haselnussstückchen und Kakaopulver",Hinweis zur Aufbewahrung: Vor Wärme geschützt und trocken lagern.,"Verantwortliches Lebensmittelunternehmen:
EDEKA ZENTRALE Stiftung & Co. KG, D-22291 Hamburg","Zutatenverzeichnis: 81% getrocknete Datteln, 13% HASELNUSSSTÜCKCHEN, 6% Kakaopulver. Das Produkt kann Spuren von anderen SCHALENFRÜCHTEN, SESAM und SULFIT enthalten.",349,1462,10,"1,1","51,8","51,5","4,6","0,02",https://www.edeka24.de/Lebensmittel/Fruehstueck-Snacks/Muesli-Fruchtriegel/EDEKA-Energy-Balls-Datteln-Haselnuss-Kakao-145G.html,https://www.edeka24.de/out/pictures/generated/product/1/540_540_90/edeka_energy_balls_datteln_haselnuss_kakao_145g.jpg
1013,Lebensmittel,Frühstück & Snacks,Müsli- & Fruchtriegel,EDEKA Bio Haferbar Flapjack Cranberry und Haselnuss 60G,"1,49 €","24,83 €/kg","inkl. MwSt., zzgl. 4.95 € Versandkosten.",lieferbar innerhalb von 2-5 Werktagen,2023-05-02 23:46:28.187054,"Haferriegel mit getrockneten, gesüßten Cranberries und Haselnüsse",Hinweis zur Aufbewahrung: Vor Wärme und Licht geschützt und trocken lagern.,"Verantwortliches Lebensmittelunternehmen:
EDEKA ZENTRALE Stiftung & Co. KG, D-22291 Hamburg","Zutatenverzeichnis: 50% HAFERVOLLKORNFLOCKEN**, 17,7% HAFERSIRUP**, Sonnenblumenöl**, 9,3% getrocknete gesüßte Cranberries** (Cranberries**Apfelsaftkonzentrat**, Sonnenblumenöl**), 5,9% HASELNÜSSE**, 3,8% Reissirup**, getrocknete Datteln**, Zitronensaftkonzentrat**, Meersalz. **aus konrtolliert ökologischer Landwirtschaft Das Produkt kann Spuren von EI, SOJA, MILCH, anderen SCHALENFRÜCHTEN und SESAM enthalten.",1776,424,"17,2","1,9",55,16,"8,5","0,1",https://www.edeka24.de/Lebensmittel/Fruehstueck-Snacks/Muesli-Fruchtriegel/EDEKA-Bio-Haferbar-Flapjack-Cranberry-und-Haselnuss-60G.html,https://www.edeka24.de/out/pictures/generated/product/1/540_540_90/edeka_bio_haferbar_cranberry_und_haselnuss_60_g.jpg
1014,Lebensmittel,Frühstück & Snacks,Müsli- & Fruchtriegel,Nature Valley Crunchy Hafer & Dunkle Schokolade Riegel 10ST 210G,"2,79 €","13,29 €/kg","inkl. MwSt., zzgl. 4.95 € Versandkosten.",lieferbar innerhalb von 2-5 Werktagen,2023-05-02 23:46:31.779680,Knuspriger Müsliriegel mit Vollkorn-Haferflocken und dunklen Schokoladen-Stückchen,Hinweis zur Aufbewahrung: Kühl und trocken aufbewahren.,"Verantwortliches Lebensmittelunternehmen:
General Mills GmbH, Osterbekstr. 90c, 22083 Hamburg","Zutatenverzeichnis: VOLLKORN-HAFERFLOCKEN (55%), Zucker, Sonnenblumenöl, dunkle Schokoladen-Stückchen (8%) (Kakaomasse, Zucker, Emulgator: SOJALECITHIN, natürliches Vanille-Aroma), fettreduzierter Kakao, Honig, Speisesalz, Melasse, Emulgator: Sonnenblumen-Lecithin, Backtriebmittel: Natriumbicarbonat, natürliches Aroma. KANN ERDNÜSSE UND SCHALENFRÜCHTE ENTHALTEN.",1958,467,20,"4,3","59,9","26,5","8,7","0,7",https://www.edeka24.de/Lebensmittel/Fruehstueck-Snacks/Muesli-Fruchtriegel/Nature-Valley-Crunchy-Hafer-Dunkle-Schokolade-Riegel-10ST-210G.html,https://www.edeka24.de/out/pictures/generated/product/1/540_540_90/nature_valley_crunchy_hafer_amp_dunkle_schokolade_riegel_5x_42_g.jpg
1015,Lebensmittel,Frühstück & Snacks,Müsli- & Fruchtriegel,Alnatura Bio Mandel Riegel 75G,"2,19 €","29,20 €/kg","inkl. MwSt., zzgl. 4.95 € Versandkosten.",lieferbar innerhalb von 2-5 Werktagen,2023-05-02 23:46:35.202602,Bio Mandel-Schnitte,Hinweis zur Aufbewahrung: Bitte trocken lagern und vor Wärme schützen.,"Verantwortliches Lebensmittelunternehmen:
Alnatura GmbH, Mahatma-Gandhi-Straße 7, 64295 Darmstadt","Zutatenverzeichnis: MANDELN* 43 %, Rohrohrzucker*, Honig*, Oblaten* (WEIZENMEHL*, Kartoffelstärke*), Invertzuckersirup* *aus biologischer Landwirtschaft . Kann Spuren von HASELNUSS, CASHEWNUSS und PISTAZIE enthalten.",1895,453,23,"2,2",50,48,"8,9","0,03",https://www.edeka24.de/Lebensmittel/Fruehstueck-Snacks/Muesli-Fruchtriegel/Alnatura-Bio-Mandel-Riegel-75G.html,https://www.edeka24.de/out/pictures/generated/product/1/540_540_90/alnatura_bio_mandel_riegel_75_g.jpg
1016,Lebensmittel,Frühstück & Snacks,Müsli- & Fruchtriegel,Alnatura Bio Banane Riegel 40G,"1,29 €","32,25 €/kg","inkl. MwSt., zzgl. 4.95 € Versandkosten.",lieferbar innerhalb von 2-5 Werktagen,2023-05-02 23:46:38.950485,Bio Bananen-Mandel-Riegel,Hinweis zur Aufbewahrung: Bitte trocken lagern und vor Wärme schützen.,"Verantwortliches Lebensmittelunternehmen:
Alnatura GmbH, Mahatma-Gandhi-Straße 7, 64295 Darmstadt","Zutatenverzeichnis: Bananen* getrocknet 31 %, MANDELN* 27 %, Rohrohrzucker*, Bananenflocken* 7,5 %, Honig*, Oblaten* (WEIZENMEHL*, Kartoffelstärke*), Invertzuckersirup* *aus biologischer Landwirtschaft . Kann Spuren von HASELNUSS, CASHEWNUSS und PISTAZIE enthalten.",1790,427,18,"1,2",56,49,"7,3","0,05",https://www.edeka24.de/Lebensmittel/Fruehstueck-Snacks/Muesli-Fruchtriegel/Alnatura-Bio-Banane-Riegel-40G.html,https://www.edeka24.de/out/pictures/generated/product/1/540_540_90/alnatura_bio_banane_riegel.jpg
1017,Lebensmittel,Frühstück & Snacks,Müsli- & Fruchtriegel,Nature Valley Crunchy Variety Pack Riegel 10ST 210G,"2,79 €","13,29 €/kg","inkl. MwSt., zzgl. 4.95 € Versandkosten.",lieferbar innerhalb von 2-5 Werktagen,2023-05-02 23:46:44.117231,Oats & Honey Knuspriger Müsliriegel mit Vollkorn-Haferflocken und Honig Canadian Maple Siryp Knuspriger Müsliriegel mit Vollkorn-Haferflocken und kanadischem Ahornsirup. Dark Chocolate Knuspriger Müsliriegel mit Vollkorn-Haferflocken und dunklen Sc...,Hinweis zur Aufbewahrung: Kühl und trocken aufbewahren.,"Verantwortliches Lebensmittelunternehmen:
General Mills GmbH, Osterbekstr. 90c, 22083 Hamburg","Zutatenverzeichnis: Oats & Honey: VOLLKORN-HAFERFLOCKEN (59%), Zucker, Sonnenblumenöl, Honig (2%), Speisesalz, Melasse, Emulgator: Sonnenblumen-Lecithin, Backtriebmittel: Natriumbicarbonat. KANN ERDNÜSSEN, SCHALENFRÜCHTEN UND SOJA ENTHALTEN. Zutaten: Canadian Maple Sirup: VOLLKORN-HAFERFLOCKEN (59%), Zucker, Sonnenblumenöl, kanadischer Ahornsirup (2%), Honig, Speisesalz, Melasse, Emulgator: Sonnenblumen-Lecithin, Backtriebmittel: Natriumbicarbonat, natürliches Aroma. KANN ERDNÜSSEN, SCHALENFRÜCHTEN UND SOJA ENTHALTEN. Zutaten: Oats & Chocolate: VOLLKORN-HAFERFLOCKEN (55%), Zucker, Sonnenblumenöl, dunkle Schokoladen-Stückchen (8%) (Kakaomasse, Zucker, Emulgator: SOJALECITHIN, natürliches Vanille-Aroma), fettreduzierter Kakao, Honig, Speisesalz, Melasse, Emulgator: Sonnenblumen-Lecithin, Backtriebmittel: Natriumbicarbonat, natürliches Aroma. KANN ERDNÜSSEN UND SCHALENFRÜCHTEN ENTHALTEN.",1958,467,20,"4,3","64,6","28,3","8,7","0,8",https://www.edeka24.de/Lebensmittel/Fruehstueck-Snacks/Muesli-Fruchtriegel/Nature-Valley-Crunchy-Variety-Pack-Riegel-10ST-210G.html,https://www.edeka24.de/out/pictures/generated/product/1/540_540_90/nature_valley_crunchy_variety_pack_riegel_5x_42_g.jpg
1018,Lebensmittel,Frühstück & Snacks,Müsli- & Fruchtriegel,Nature Valley Crunchy Hafer & Honig Riegel 10ST 210G,"2,79 €","13,29 €/kg","inkl. MwSt., zzgl. 4.95 € Versandkosten.",lieferbar innerhalb von 2-5 Werktagen,2023-05-02 23:46:49.220629,Knuspriger Müsliriegel mit Vollkorn-Haferflocken und Honig,Hinweis zur Aufbewahrung: Kühl und trocken aufbewahren.,"Verantwortliches Lebensmittelunternehmen:
General Mills GmbH, Osterbekstr. 90c, 22083 Hamburg","Zutatenverzeichnis: VOLLKORN-HAFERFLOCKEN (59%), Zucker, Sonnenblumenöl, Honig (2%), Speisesalz, Melasse, Emulgator: Sonnenblumen-Lecithin, Backtriebmittel: Natriumbicarbonat. KANN ERDNÜSSE, SCHALENFRÜCHTE UND SOJA ENTHALTEN.",1916,456,"17,2","2,4","64,5","28,3","8,1","0,8",https://www.edeka24.de/Lebensmittel/Fruehstueck-Snacks/Muesli-Fruchtriegel/Nature-Valley-Crunchy-Hafer-Honig-Riegel-10ST-210G.html,https://www.edeka24.de/out/pictures/generated/product/1/540_540_90/nature_valley_crunchy_hafer_amp_honig_riegel_5x_42_g.jpg
1020,Lebensmittel,Frühstück & Snacks,Müsli- & Fruchtriegel,Alnatura Bio Beere Riegel 75G,"2,19 €","29,20 €/kg","inkl. MwSt., zzgl. 4.95 € Versandkosten.",lieferbar innerhalb von 2-5 Werktagen,2023-05-02 23:46:57.874356,Bio Beeren-Fruchtschnitte mit Apfel,Hinweis zur Aufbewahrung: Bitte trocken lagern und vor Wärme schützen.,"Verantwortliches Lebensmittelunternehmen:
Alnatura GmbH, Mahatma-Gandhi-Straße 7, 64295 Darmstadt","Zutatenverzeichnis: Apfelpulver* 16 % (Äpfel*, Reismehl*), HAFERVOLLKORNFLOCKEN*, WEIZENVOLLKORNFLOCKEN*, Mehrfruchtsaftkonzentrat* 11 % (Holunder*, Himbeere*, Heidelbeere*, Schwarze Johannisbeere*), Rohrohrzucker*, Honig*, MANDELN*, Rosinen* geölt 7,1 % (mit Sonnenblumenöl*), Korinthen* 3,5 %, Oblaten* (WEIZENMEHL*, Kartoffelstärke*), Palmfett*, Invertzuckersirup* *aus biologischer Landwirtschaft. Kann Spuren von HASELNUSS, CASHEWNUSS und PISTAZIE enthalten.",1586,376,"8,5",2,57,43,"5,8","0,03",https://www.edeka24.de/Lebensmittel/Fruehstueck-Snacks/Muesli-Fruchtriegel/Alnatura-Bio-Beere-Riegel-75G.html,https://www.edeka24.de/out/pictures/generated/product/1/540_540_90/42100478-alnatura-bio-beere-fruchtschnitte.jpg
1021,Lebensmittel,Frühstück & Snacks,Müsli- & Fruchtriegel,Alnatura Bio Obstsalat-Riegel 40G,"1,29 €","32,25 €/kg","inkl. MwSt., zzgl. 4.95 € Versandkosten.",lieferbar innerhalb von 2-5 Werktagen,2023-05-02 23:47:01.653725,Bio Honig-Mehrfrucht-Nuss-Riegel,Hinweis zur Aufbewahrung: Bitte trocken lagern und vor Wärme schützen.,"Verantwortliches Lebensmittelunternehmen:
Alnatura Produktions- und Handels GmbH, Mahatma-Gandhi-Str. 7, 64295 Darmstadt","Zutatenverzeichnis: Honig*, Apfelflocken* (Äpfel*, Reismehl*), MANDELN* 9 %, HASELNÜSSE* 7 %, Korinthen*, HAFERFLOCKEN*, DINKELFLOCKEN*¹, Apfelsaftkonzentrat*, Birnensaftkonzentrat*, Rohrohrzucker*, Schwarzes Johannisbeersaftkonzentrat, Birnenpulver*, (Birnen*, Reismehl*), Äpfel* getrocknet, Birnen* getrocknet, Palmfett*, Oblaten* (WEIZENMEHL*, Kartoffelstärke*), Reissirup, Rosinen*, Zitronat* (Zitronenschalen*, Maissirup*, Meersalz). Kann Spuren von SOJA und PISTAZIE enthalten. *aus biologischer Landwirtschaft ¹DINKEL IST EINE URWEIZENART",1658,394,13,"2,2",61,49,"4,7","0,05",https://www.edeka24.de/Lebensmittel/Fruehstueck-Snacks/Muesli-Fruchtriegel/Alnatura-Bio-Obstsalat-Riegel-40G.html,https://www.edeka24.de/out/pictures/generated/product/1/540_540_90/bio_alnatura_obstsalatriegel_40g.jpg
1022,Lebensmittel,Frühstück & Snacks,Müsli- & Fruchtriegel,Nature Valley Protein Erdnuss & Schokolade Riegel 4ST 160G,"3,39 €","21,19 €/kg","inkl. MwSt., zzgl. 4.95 € Versandkosten.",lieferbar innerhalb von 2-5 Werktagen,2023-05-02 23:47:04.966709,Eiweißriegel mit Erdnüssen und Schokoladen-Stückchen und Überzug mit Schokoladengeschmack.,Hinweis zur Aufbewahrung: Kühl und trocken aufbewahren.,"Verantwortliches Lebensmittelunternehmen:
General Mills GmbH, Osterbekstr. 90c, 22083 Hamburg","Zutatenverzeichnis: Geröstete ERDNÜSSE (39%), Chicorée-Wurzel-Extrakt, isoliertes SOJAPROTEIN, Schokoladen-Stückchen (8%) (Zucker, Kakaomasse, Kakaobutter, Emulgator (SOJALECITHIN)), Zucker, Palmfett, Molkenerzeugnis (MILCH), Sonnenblumenöl, Fruktose, Glukosesirup, ERDNUSSBUTTER (2%), fettreduziertes Kakaopulver, Tapiokastärke, Feuchthaltemittel (Glycerin), Speisesalz, Emulgator (Sonnenblumen- und SOJALECITHIN), natürliche Aromen, Maltodextrin. Kann SCHALENFRÜCHTE enthalten.",2045,492,"30,1","8,8","22,9","15,4","25,6","0,95",https://www.edeka24.de/Lebensmittel/Fruehstueck-Snacks/Muesli-Fruchtriegel/Nature-Valley-Protein-Erdnuss-Schokolade-Riegel-4ST-160G.html,https://www.edeka24.de/out/pictures/generated/product/1/540_540_90/naturevalleyproteinerdnussschoko.jpg
1023,Lebensmittel,Frühstück & Snacks,Müsli- & Fruchtriegel,Alnatura Bio Kokos Riegel 75G,"1,79 €","23,87 €/kg","inkl. MwSt., zzgl. 4.95 € Versandkosten.",lieferbar innerhalb von 2-5 Werktagen,2023-05-02 23:47:08.440178,Bio Kokos-Schnitte,"Hinweis zur Aufbewahrung: Bitte trocken lagern, vor Wärme schützen.","Verantwortliches Lebensmittelunternehmen:
Alnatura GmbH, Mahatma-Gandhi-Straße 7, 64295 Darmstadt","Zutatenverzeichnis: Kokosraspel* 45 %, Reissirup*, HAFERVOLLKORNMEHL*, Oblaten* (WEIZENMEHL*, Kartoffelstärke*), Rohrohrzucker*, Kokosfett*, Bourbonvanilleschote* gemahlen *aus biologischer Landwirtschaft . Kann Spuren von MANDEL, HASELNUSS und CASHEWNUSS enthalten.",1968,473,29,26,45,31,4,"0,1",https://www.edeka24.de/Lebensmittel/Fruehstueck-Snacks/Muesli-Fruchtriegel/Alnatura-Bio-Kokos-Riegel-75G.html,https://www.edeka24.de/out/pictures/generated/product/1/540_540_90/alnatura_bio_kokos_fruchtschnitte.jpg
1024,Lebensmittel,Frühstück & Snacks,Müsli- & Fruchtriegel,Alnatura Bio Multi Riegel 75G,"2,19 €","29,20 €/kg","inkl. MwSt., zzgl. 4.95 € Versandkosten.",lieferbar innerhalb von 2-5 Werktagen,2023-05-02 23:47:13.954385,"Bio Multi-Fruchtschnitte - 4er-Sortierung aus Sanddorn, Mandel, Apfel-Honig, Beere",Hinweis zur Aufbewahrung: Bitte trocken lagern und vor Wärme schützen.,"Verantwortliches Lebensmittelunternehmen:
Alnatura GmbH, Darmstädter Str. 63, 64404 Bickenbach","Zutatenverzeichnis: MANDELN* 19%, Honig* 18%, Rosinen* geölt 13 % (mit Sonnenblumenöl*), HAFERVOLLKORNFLOCKEN*, Rohrohrzucker*, Apfelpulver* 6% (Äpfel*, Reismehl*), Äpfel* getrocknet 4 %, Aprikosen* getrocknet 4%, WEIZENFLOCKEN*, Mehrfruchtsaftkonzentrat* 3% (Holunder*, Himbeere*, Heidelbeere*, Schwarze Johannisbeere*), Oblaten* (WEIZENMEHL*, Kartoffelstärke*), Palmfett*, Apfelsaftkonzentrat* 1,7%, Sanddornpulver* 1,3% (Sanddornmark*, MALTODEXTRIN*), Korinthen*, Invertzuckersirup*, Ceylon-Zimt*, Bourbonvanilleschote* gemahlen *aus biologischer Landwirtschaft . Kann Spuren von HASELNUSS, CASHEWNUSS und PISTAZIE enthalten.",1686,401,13,"2,3",57,46,"6,6","0,03",https://www.edeka24.de/Lebensmittel/Fruehstueck-Snacks/Muesli-Fruchtriegel/Alnatura-Bio-Multi-Riegel-75G.html,https://www.edeka24.de/out/pictures/generated/product/1/540_540_90/alnatura_bio_multi_riegel.jpg
1025,Lebensmittel,Frühstück & Snacks,Müsli- & Fruchtriegel,Made Good Bio Chocolate Drizzeld Birthday Cake Flavour 5ST 120G,"3,29 €","27,42 €/kg","inkl. MwSt., zzgl. 4.95 € Versandkosten.",lieferbar innerhalb von 2-5 Werktagen,2023-05-02 23:47:20.688311,"Müsliriegel mit Schokolade und ""Birthday Cake"" Geschmack",,"Verantwortliches Lebensmittelunternehmen:
Riverside International BV, D. Egginkstraat 10, 131 BK Hoofddorp (Niederlande)","Zutatenverzeichnis: Reine glutenfreie Haferflocken*, 16,6% Schokolade* (Rohrzucker*, Kakaomasse*, Kakaobutter*), Glukose-Fruktose-Sirup (Agave)*, Reisstrfeusel* (gezuckerte Reis-Chips* [Reismehl*, getrockneter Rohrzuckersirup*, Salz], Trennmittel: pflanzliches Glycerin*, Sonnenblumenöl*, Rübenpulver*, violettes Süßkartoffelpulver [Maltodextrin, violettes Süßkartoffelextrakt, Säure: Zitronensäure], Spirulina-Extrakt*), Glukosesirup (brauner Reis)*, Invertzuckersirup*, Sonnenblumenöl*, braune Reischips*, glutenfreies Hafermehl*, natürliches Aroma*, 0,4% Pflanzenextrakte (Spinat, Brokkoli, Karotten, Tomaten, Rüben, Shiitak-Pilzextrakt, Salz, Geliermittel: Agar*. *aus kontrolliert biologischem Anbau",1832,436,15,"5,3",65,26,"6,5","0,16",https://www.edeka24.de/Lebensmittel/Fruehstueck-Snacks/Muesli-Fruchtriegel/Made-Good-Bio-Chocolate-Drizzeld-Birthday-Cake-Flavour-5ST-120G.html,https://www.edeka24.de/out/pictures/generated/product/1/540_540_90/bio_madegood_riegel_chocodrizzeld_birthday_cake_5x24g.jpg
1026,Lebensmittel,Frühstück & Snacks,Müsli- & Fruchtriegel,Made Good Bio Chocolate Drizzled Vanille Riegel 5ST 120G,"3,29 €","27,42 €/kg","inkl. MwSt., zzgl. 4.95 € Versandkosten.",lieferbar innerhalb von 2-5 Werktagen,2023-05-02 23:47:26.848477,Müsliriegel mit Schokolade und Vanillegeschmack,,"Verantwortliches Lebensmittelunternehmen:
Riverside International BV, D. Egginkstraat 10, 131 BK Hoofddorp (Niederlande)","Zutatenverzeichnis: Reine glutenfreie Haferflocken*, 16,6% Schokolade* (Rohrzucker*, Kakaomasse*, Kakaobutter*), Glukose-Fruktose-Sirup (Agave)*, gezuckerte Reis-Chips* 8Reismehl*, getrockneter Rohrohrzuckersirup*, Salz) Glukosesirup (Brauner Reis)*, Sonnenblumenöl*, Invertzuckersirup*, braune Reis-Chips*, glutenfreies Hafermehl*, natürliche Aromen*, 0,4% Pflanzenextrakte (Spinat, Brokkoli, Karotten, Tomaten, Rüben), Shiitake-Pilzextrakt, Salz, Geliermoittel: Agar*. *aus kontrolliert biologischem Anbau",1834,437,15,"5,3",65,26,"6,8","0,36",https://www.edeka24.de/Lebensmittel/Fruehstueck-Snacks/Muesli-Fruchtriegel/Made-Good-Bio-Chocolate-Drizzled-Vanille-Riegel-5ST-120G.html,https://www.edeka24.de/out/pictures/generated/product/1/540_540_90/bio_madegood_riegel_vanille_5x24g.jpg
1027,Lebensmittel,Frühstück & Snacks,Müsli-Cerealien,Dr.Oetker Vitalis Knusper Plus Double Chocolate 450G,"2,99 €","6,64 €/kg","inkl. MwSt., zzgl. 4.95 € Versandkosten.",lieferbar innerhalb von 2-5 Werktagen,2023-05-02 23:47:31.188880,Knusper Plus Müsli mit Vollmilch- und feinherber Schokolade,Hinweis zur Aufbewahrung: Bitte den Innenbeutel nach dem Öffnen wieder gut verschließen.,"Verantwortliches Lebensmittelunternehmen:
Dr. August Oetker Nahrungsmittel KG, Lutterstraße 14, D-33617 Bielefeld","Zutatenverzeichnis: 46% Vollkorn-HAFERFLOCKEN, Zucker, Palmöl, 8,0% Schokolade (Kakaomasse, Zucker, fettarmer Kakao, Kakaobutter, Emulgator (Lecithine)), 7,0% VOLLMILCHSCHOKOLADE (Zucker, VOLLMILCHPULVER, Kakaomasse, Kakaobutter, SÜSSMOLKENPULVER, Emulgator (Lecithine), Aroma Vanillin), Glukosesirup, 4,2% getrocknete WEIZENKEIME, WEIZENMEHL, Reismehl, 1,3% Honig, WEIZENVOLLKORNMEHL, Salz, getrockneter GERSTENMALZEXTRAKT, MAGERMILCHPULVER, Aromen, Kann Spuren von SCHALENFRÜCHTEN (NÜSSEN) enthalten",478,2003,21,"8,4",61,25,"9,3","0,58",https://www.edeka24.de/index.php?cl=details&anid=si54adef1afccd179.21647964&emcs0=3&emcs1=Kategorieseite%20-%20Topseller&emcs2=&emcs3=1282178005,https://www.edeka24.de/out/pictures/generated/product/1/540_540_90/droetker_vitalis_knusper_plus_double_chocolate.jpg
1028,Lebensmittel,Frühstück & Snacks,Müsli-Cerealien,Kölln Echte Kernige Haferflocken 500G,"1,79 €","3,58 €/kg","inkl. MwSt., zzgl. 4.95 € Versandkosten.",lieferbar innerhalb von 2-5 Werktagen,2023-05-02 23:47:34.887606,-,Hinweis zur Aufbewahrung: Vor Wärme geschützt und trocken lagern.,"Verantwortliches Lebensmittelunternehmen:
Peter Kölln KGaA, D-25333 Elmshorn",Zutatenverzeichnis: 100% HAFERVOLLKORN,1520,361,"6,7","1,3","55,8","1,2","13,8","0,01",https://www.edeka24.de/index.php?cl=details&anid=c284d997db4602792.99135959&emcs0=3&emcs1=Kategorieseite%20-%20Topseller&emcs2=&emcs3=130857008,https://www.edeka24.de/out/pictures/generated/product/1/540_540_90/kllnkerni.jpg
1029,Lebensmittel,Frühstück & Snacks,Müsli-Cerealien,Dr.Oetker Vitalis Knusper pur 30% weniger Zucker 600G,"3,99 €","6,65 €/kg","inkl. MwSt., zzgl. 4.95 € Versandkosten.",lieferbar innerhalb von 2-5 Werktagen,2023-05-02 23:47:38.377703,-,Hinweis zur Aufbewahrung: Bitte den Innenbeutel nach dem Öffnen wieder gut verschließen.,"Verantwortliches Lebensmittelunternehmen:
Dr. August Oetker Nahrungsmittel KG, Lutterstraße 14, D-33617 Bielefeld","Zutatenverzeichnis: 56% Vollkorn-HAFERFLOCKEN, Palmöl, Zucker, Oligofruktose, 8,0% WEIZENKEIME, Reismehl, Glukosesirup, WEIZENVOLLKORNMEHL, 1,5% Honig, WEIZENMEHL, Salz, getrockneter GERSTENMALZEXTRAKT, MAGERMILCHPULVER, Aroma, Kann Spuren von SCHALENFRÜCHTEN (NÜSSEN) enthalten",1836,438,16,"5,2",57,14,11,"0,88",https://www.edeka24.de/index.php?cl=details&anid=c284d997e408a3ad1.21469379&emcs0=3&emcs1=Kategorieseite%20-%20Topseller&emcs2=&emcs3=827267008,https://www.edeka24.de/out/pictures/generated/product/1/540_540_90/droetker_vitalis_knusper_pur_30_weniger_zucker.jpg
1030,Lebensmittel,Frühstück & Snacks,Müsli-Cerealien,Dr.Oetker Vitalis Knusper Müsli mit Honig 600G,"2,99 €","4,98 €/kg","inkl. MwSt., zzgl. 4.95 € Versandkosten.",lieferbar innerhalb von 2-5 Werktagen,2023-05-02 23:47:42.079413,Knusper Müsli mit Rosinen,Hinweis zur Aufbewahrung: Bitte den Innenbeutel nach dem Öffnen wieder gut verschließen.,"Verantwortliches Lebensmittelunternehmen:
Dr. August Oetker Nahrungsmittel KG, Lutterstraße 14, D-33617 Bielefeld","Zutatenverzeichnis: 54% Vollkorn-HAFERFLOCKEN, Zucker, Palmöl, 8,5% getrocknete WEIZENKEIME, WEIZENMEHL, Glukosesirup, 2,9% Rosinen, 1,6% Honig, Salz, Aroma Vanillin, Kann Spuren von SCHALENFRÜCHTEN (NÜSSEN) enthalten",1868,445,15,"5,2",63,24,10,"0,71",https://www.edeka24.de/index.php?cl=details&anid=c284d997e1bd3a059.17865503&emcs0=3&emcs1=Kategorieseite%20-%20Topseller&emcs2=&emcs3=643156003,https://www.edeka24.de/out/pictures/generated/product/1/540_540_90/droetker_vitalis_knusper_msli_mit_honig.jpg
1031,Lebensmittel,Frühstück & Snacks,Müsli-Cerealien,Kölln Blütenzarte Köllnflocken 500G,"1,79 €","3,58 €/kg","inkl. MwSt., zzgl. 4.95 € Versandkosten.",lieferbar innerhalb von 2-5 Werktagen,2023-05-02 23:47:46.660719,Vollkorn-Haferflocken,Hinweis zur Aufbewahrung: Vor Wärme geschützt und trocken lagern.,"Verantwortliches Lebensmittelunternehmen:
Peter Kölln KGaA, D-25333 Elmshorn",Zutatenverzeichnis: 100 % HAFERVOLLKORN,1520,361,"6,7","1,3","55,8","1,2","13,8","0,01",https://www.edeka24.de/index.php?cl=details&anid=V259Qs1hWJzhKolGWBzBEd-1&emcs0=3&emcs1=Kategorieseite%20-%20Topseller&emcs2=&emcs3=130693006,https://www.edeka24.de/out/pictures/generated/product/1/540_540_90/kllnblzaflo.jpg
1032,Lebensmittel,Frühstück & Snacks,Müsli-Cerealien,Gut & Günstig Haferflocken extra zart 500G,"0,89 €","1,78 €/kg","inkl. MwSt., zzgl. 4.95 € Versandkosten.",lieferbar innerhalb von 2-5 Werktagen,2023-05-02 23:47:51.924820,Haferflocken extra zart,Hinweis zur Aufbewahrung: Vor Wärme geschützt und trocken lagern.,"Verantwortliches Lebensmittelunternehmen:
EDEKA ZENTRALE Stiftung & Co. KG, D-22291 Hamburg",,372,1566,7,"1,3","58,7","0,7","13,5","0,02",https://www.edeka24.de/Lebensmittel/Fruehstueck-Snacks/Muesli-Cerealien/Gut-Guenstig-Haferflocken-extra-zart-500G.html,https://www.edeka24.de/out/pictures/generated/product/1/540_540_90/gut_amp_gnstig_haferflocken_extra_zart_500_g.jpg
1033,Lebensmittel,Frühstück & Snacks,Müsli-Cerealien,Kölln Müsli Cranberry 500G,"3,89 €","7,78 €/kg","inkl. MwSt., zzgl. 4.95 € Versandkosten.",lieferbar innerhalb von 2-5 Werktagen,2023-05-02 23:47:56.928989,"Hafer-Vollkorn-Müsli mit 27% Früchten, davon 24% gesüßte Cranberrys",Hinweis zur Aufbewahrung: Vor Wärme geschützt und trocken lagern.,"Verantwortliches Lebensmittelunternehmen:
Peter Kölln KGaA, D-25333 Elmshorn","Zutatenverzeichnis: Vollkorn-HAFERFLOCKEN (60 %), getrocknete Cranberrys, Zucker, HAFER-Vollkornmehl (5 %), getrocknete Apfelstücke (3 %), Kürbiskerne (2,5 %), Invertzuckersirup, GERSTENAMLZEXTRAKT, WEIZENMEHL, Maisstärke, Traubenzucker, Maltodextrin, Zitronensaftkonzentrat, Speisesalz, Säuerungsmittel Citronensäure",1554,369,"6,3","1,3",66,"23,6","7,7","0,1",https://www.edeka24.de/Lebensmittel/Fruehstueck-Snacks/Muesli-Cerealien/Koelln-Muesli-Cranberry-500G.html,https://www.edeka24.de/out/pictures/generated/product/1/540_540_90/klln_msli_cranberry_500_g.jpg
1034,Lebensmittel,Frühstück & Snacks,Müsli-Cerealien,Kölln Blütenzarte Köllnflocken 500G,"1,79 €","3,58 €/kg","inkl. MwSt., zzgl. 4.95 € Versandkosten.",lieferbar innerhalb von 2-5 Werktagen,2023-05-02 23:48:01.084878,Vollkorn-Haferflocken,Hinweis zur Aufbewahrung: Vor Wärme geschützt und trocken lagern.,"Verantwortliches Lebensmittelunternehmen:
Peter Kölln KGaA, D-25333 Elmshorn",Zutatenverzeichnis: 100 % HAFERVOLLKORN,1520,361,"6,7","1,3","55,8","1,2","13,8","0,01",https://www.edeka24.de/Lebensmittel/Fruehstueck-Snacks/Muesli-Cerealien/Koelln-Bluetenzarte-Koellnflocken-500G.html,https://www.edeka24.de/out/pictures/generated/product/1/540_540_90/kllnblzaflo.jpg
1035,Lebensmittel,Frühstück & Snacks,Müsli-Cerealien,Kelloggs Choco Krispies 330G,"2,89 €","8,76 €/kg","inkl. MwSt., zzgl. 4.95 € Versandkosten.",lieferbar innerhalb von 2-5 Werktagen,2023-05-02 23:48:04.853883,Knuspriger Reis mit Schokoladengeschmack.,Hinweis zur Aufbewahrung: Bitte trocken lagern.,"Verantwortliches Lebensmittelunternehmen:
KELLOGG (Deutschland) GmbH, Burchardstraße 14, D-20095 Hamburg","Zutatenverzeichnis: Reis, Glukosesirup, Zucker, fettarmes Kakaopulver(4.4%), Kakaomasse(1.4%), Salz, GERSTENMALZ, Aroma.",1621,382,"1,9","0,9",84,17,"6,3","0,65",https://www.edeka24.de/Lebensmittel/Fruehstueck-Snacks/Muesli-Cerealien/Kelloggs-Choco-Krispies-330G.html,https://www.edeka24.de/out/pictures/generated/product/1/540_540_90/schoko-krispies-5053827207102.jpg
1036,Lebensmittel,Frühstück & Snacks,Müsli-Cerealien,Kelloggs Choco Krispies Chocos 330G,"2,89 €","8,76 €/kg","inkl. MwSt., zzgl. 4.95 € Versandkosten.",lieferbar innerhalb von 2-5 Werktagen,2023-05-02 23:48:08.912744,Knusprige Getreidekost mit Schokoladenpulver.,Hinweis zur Aufbewahrung: Kühl und trocken lagern.,"Verantwortliches Lebensmittelunternehmen:
KELLOGG (Deutschland) GmbH, Burchardstraße 14, D-20095 Hamburg","Zutatenverzeichnis: WEIZENMEHL(66%), Zucker, Schokoladenpulver(11%)(Zucker, Kakaopulver{3.5%}), fettarmes Kakaopulver(5.5%), Glukosesirup, Salz, Zimt, natürliches Aroma.",377,1594,"2,5","0,9",75,27,9,"0,78",https://www.edeka24.de/Lebensmittel/Fruehstueck-Snacks/Muesli-Cerealien/Kelloggs-Choco-Krispies-Chocos-330G.html,https://www.edeka24.de/out/pictures/generated/product/1/540_540_90/kelloggs_choco_krispies_chocos_330g.jpg
1037,Lebensmittel,Frühstück & Snacks,Müsli-Cerealien,Alnatura Bio Haferflocken Feinblatt 1KG,"2,79 €","2,79 €/kg","inkl. MwSt., zzgl. 4.95 € Versandkosten.",lieferbar innerhalb von 2-5 Werktagen,2023-05-02 23:48:12.797407,-,"Hinweis zur Aufbewahrung: Bitte trocken lagern, vor Wärme schützen.","Verantwortliches Lebensmittelunternehmen:
Alnatura GmbH, Mahatma-Gandhi-Straße 7, 64295 Darmstadt","Zutatenverzeichnis: HAFERVOLLKORNFLOCKEN* *aus Demeter-Landbau. Kann Spuren von ERDNUSS, SOJA, MILCH, MANDEL, NÜSSEN, SESAM und LUPINE enthalten.",1479,351,"7,1","1,4",56,"1,1",11,"0,02",https://www.edeka24.de/Lebensmittel/Fruehstueck-Snacks/Muesli-Cerealien/Alnatura-Bio-Haferflocken-Feinblatt-1KG.html,https://www.edeka24.de/out/pictures/generated/product/1/540_540_90/alnatura_bio_haferflocken_feinblatt(1).jpg
1038,Lebensmittel,Frühstück & Snacks,Müsli-Cerealien,Kellogg's Crunchy Nut 375G,"2,89 €","7,71 €/kg","inkl. MwSt., zzgl. 4.95 € Versandkosten.",lieferbar innerhalb von 2-5 Werktagen,2023-05-02 23:48:19.484233,-,,"Verantwortliches Lebensmittelunternehmen:
Kellogg Europe Trading Limited, IR-K67 Y7E5","Zutatenverzeichnis: Mais, Zucker, GERSTENMALZ, geröstete ERDNÜSSE (6%), Melasse, Honig (1%), Salz. VITAMINE UND MINERALSTOFFE: Eisen, Riboflavin, Niacin, Folsäure.",1642,388,"3,4","0,7",82,35,"6,0","0,75",https://www.edeka24.de/Lebensmittel/Fruehstueck-Snacks/Muesli-Cerealien/Kellogg-s-Crunchy-Nut-375G.html,https://www.edeka24.de/out/pictures/generated/product/1/540_540_90/kellogg039s_crunchy_nut_375g.jpg
1039,Lebensmittel,Frühstück & Snacks,Müsli-Cerealien,Gut & Günstig Haferflocken kernig 500G,"0,89 €","1,78 €/kg","inkl. MwSt., zzgl. 4.95 € Versandkosten.",lieferbar innerhalb von 2-5 Werktagen,2023-05-02 23:48:24.222970,Haferflocken kernig,Hinweis zur Aufbewahrung: Vor Wärme geschützt und trocken lagern.,"Verantwortliches Lebensmittelunternehmen:
EDEKA ZENTRALE Stiftung & Co. KG, D-22291 Hamburg",,1566,372,7,"1,3","58,7","0,7","13,5","0,02",https://www.edeka24.de/Lebensmittel/Fruehstueck-Snacks/Muesli-Cerealien/Gut-Guenstig-Haferflocken-kernig-500G.html,https://www.edeka24.de/out/pictures/generated/product/1/540_540_90/gutampampgamp220nstig_haferflocken_kernig_500g.jpg
1040,Lebensmittel,Frühstück & Snacks,Müsli-Cerealien,Oreo O's Cereal 350G,"3,99 €","11,40 €/kg","inkl. MwSt., zzgl. 4.95 € Versandkosten.",lieferbar innerhalb von 2-5 Werktagen,2023-05-02 23:48:27.668552,Knusprige Weizenringe mit Schokogeschmack (70%) und Reisscheiben mit Vanillegeschmack (30%),"Hinweis zur Aufbewahrung: Kühl, trocken und in einem geruchsfreien Raum lagern.","Verantwortliches Lebensmittelunternehmen:
Genuport Trade GmbH, D-22848 Norderstedt","Zutatenverzeichnis: Getreidemehle (66%) (WEIZENMEHL (45%), Reismehl (21%)), Zucker, fettarmes Kakaopulver (7,5%), Keks-Krümel (2,8%), (WEIZENMEHL, Zucker, Rapsöl, fettarmes Kakaopulver (0,2%), Glukose-Fruktose-Sirup, WEIZENSTÄRKE, Backtriebsmittel (Kaliumkarbonat, Ammoniumkarbonat, Natriumkarbonat), Palmöl, Salz, Emulgator: SOJALECITHIN, Aroma), WEIZENSTÄRKE (2,5%), Aromen, Salz, Niacin, Eisen, Riboflavin (B2), Vitamin B6, Thiamin (B1), Folsäure, Vitamin D, Vitamin B12. Kann Spuren von NÜSSEN und MILCH enthalten.",382,1619,"2,7",1,80,27,"7,5","0,5",https://www.edeka24.de/Lebensmittel/Fruehstueck-Snacks/Muesli-Cerealien/Oreo-O-s-Cereal-350G.html,https://www.edeka24.de/out/pictures/generated/product/1/540_540_90/oreoos.jpg
1041,Lebensmittel,Frühstück & Snacks,Müsli-Cerealien,Kölln Müsli Früchte ohne Zuckerzusatz 500G,"3,89 €","7,78 €/kg","inkl. MwSt., zzgl. 4.95 € Versandkosten.",lieferbar innerhalb von 2-5 Werktagen,2023-05-02 23:48:31.447001,Hafer-Vollkorn-Müsli mit 40 % Früchten,Hinweis zur Aufbewahrung: Vor Wärme geschützt und trocken lagern.,"Verantwortliches Lebensmittelunternehmen:
Peter Kölln KGaA, D-25333 Elmshorn","Zutatenverzeichnis: Vollkorn-HAFERFLOCKEN (51%), Sultaninen, Datteln, Rosinen, getrocknete Apfelstücke, getrocknete Feigen, getrocknete Bananenstücke, HAFER-Vollkornmehl (2 %), HAFERMEHL, getrocknete Bananenflocken, gefriergetrocknete Himbeeren, gefriergetrocknete Sauerkirschen, Zitronensaftkonzentrat, WEIZENMEHL, Maismehl, GERSTENMALZEXTRAKT, Säuerungsmittel Citronensäure, Maltodextrin",1536,364,6,"2,8","64,1","21,9","9,5","0,07",https://www.edeka24.de/Lebensmittel/Fruehstueck-Snacks/Muesli-Cerealien/Koelln-Muesli-Fruechte-ohne-Zuckerzusatz-500G.html,https://www.edeka24.de/out/pictures/generated/product/1/540_540_90/klln_msli_frchte_ohne_zuckerzusatz_500_g.jpg
1042,Lebensmittel,Frühstück & Snacks,Müsli-Cerealien,Kelloggs Smacks 330G,"2,89 €","8,76 €/kg","inkl. MwSt., zzgl. 4.95 € Versandkosten.",lieferbar innerhalb von 2-5 Werktagen,2023-05-02 23:48:35.107104,Gepuffter Weizen mit Zuckerarten.,Hinweis zur Aufbewahrung: Kühl und trocken lagern.,"Verantwortliches Lebensmittelunternehmen:
KELLOGG (Deutschland) GmbH, Burchardstraße 14, D-20095 Hamburg","Zutatenverzeichnis: WEIZEN (55%), Zucker, Glukosesirup.",1597,377,"1,6","0,3",81,34,"7,1","0,02",https://www.edeka24.de/Lebensmittel/Fruehstueck-Snacks/Muesli-Cerealien/Kelloggs-Smacks-330G.html,https://www.edeka24.de/out/pictures/generated/product/1/540_540_90/kelloggs_smacks_330g.jpg
1043,Lebensmittel,Frühstück & Snacks,Müsli-Cerealien,EDEKA Knusper Müsli Multi Frucht 500G,"3,29 €","6,58 €/kg","inkl. MwSt., zzgl. 4.95 € Versandkosten.",lieferbar innerhalb von 2-5 Werktagen,2023-05-02 23:48:41.336364,"Knuspermüsli mit 50% Haferflocken, mit getrockneten und gefriergetrockneten Fruchtstücken",Hinweis zur Aufbewahrung: Vor wärme geschützt und trocken lagern.,"Verantwortliches Lebensmittelunternehmen:
EDEKA ZENTRALE Stiftung & Co. KG, D-22291 Hamburg","Zutatenverzeichnis: 90% Knuspermüsli (HAFERVOLLKORNFLOCKEN, Zucker, Palmfett, Glukose-Fruktose-Sirup, WEIZENVOLLKORNFLOCKEN, Getreide-Extrudat [Reismehl, Zucker, WEIZENGLUTEN, GERSTENMALZMEHL, Speisesalz, WEIZENMALZMEHL, GERSTENMALZEXTRAKT], 3,2% Kokosraspel*, Karamellzuckersirup, natürliches Aroma), 4,5% getrocknete, gezuckerte Cranberrystücke (Cranberries, Zucker, Sonnenblumenöl), 2,6% Apfelzubereitung (Apfelstücke, Speisesalz, Säuerungsmittel: Citronensäure; Antioxidationsmittel: Ascorbinsäure), 2% gefriergetrocknete Erdbeerstücke, 0,5% gefriergetrocknete Himbeerstücke, Passionsfruchtpulver (Passionsfruchtsaftkonzentrat, Maltodextrin), Palmfett. Das Produkt kann Spuren von ERDNÜSSEN, LUPINEN, MILCH, SCHALENFRÜCHTEN, SENF, SESAM und SOJA enthalten. * entspricht 2,9% im Gesamterzeugnis",1826,434,"13,4","6,1","65,9","25,8","8,9","0,12",https://www.edeka24.de/Lebensmittel/Fruehstueck-Snacks/Muesli-Cerealien/EDEKA-Knusper-Muesli-Multi-Frucht-500G.html,https://www.edeka24.de/out/pictures/generated/product/1/540_540_90/edeka_premium_knusper_multifrucht_mamp252sli_500g.jpg
1044,Lebensmittel,Frühstück & Snacks,Müsli-Cerealien,Kölln Knusper Beere & Schoko Hafer-Müsli 450G,"3,89 €","8,64 €/kg","inkl. MwSt., zzgl. 4.95 € Versandkosten.",lieferbar innerhalb von 2-5 Werktagen,2023-05-02 23:48:45.645094,Knusper-Vollkorn-Müsli mit roten Früchten und 5% weißen Schokoladenstückchen.,Hinweis zur Aufbewahrung: Vor Wärme geschützt und trocken lagern.,"Verantwortliches Lebensmittelunternehmen:
Peter Kölln GmbH & Co. KGaA, Westerstr. 22-24, 25336 Elmshorn","Zutatenverzeichnis: VOLLKORN-HAFERFLOCKEN (50%), Zucker, Palmöl, WEIZENMEHL, VOLLKORN-WEIZENFLOCKEN (6%), Glukose-Fruktose-Sirup, 5% getrocknete und gesüßte Cranberrystücke* (Cranberrys, Zucker), 2% gefriergetrocknete Fruchtmischung** (Erdbeerstücke, Sauerkirschstücke, Himbeerstücke, schwarze Johannisbeerstücke), VOLLKORN-HAFERMEHL (2 %), Kakaobutter***, VOLLMILCHPULVER, GERSTENMALZEXTRAKT, Speisesalz, Emulgator Lecithine, natürliches Aroma. Kann SCHALENFRÜCHTE enthalten. * entspricht 8,5% frischen Cranberrys ** entspricht 14% frischen Früchten *** Rainforest Alliance-zertifiziert VOLLKORN-HAFERFLOCKEN (50%), Zucker, Palmöl, WEIZENMEHL, VOLLKORN-WEIZENFLOCKEN (6%), Glukose-Fruktose-Sirup, 5% getrocknete und gesüßte Cranberrystücke* (Cranberrys, Zucker), 2% gefriergetrocknete Fruchtmischung** (Erdbeerstücke, Sauerkirschstücke, Himbeerstücke, schwarze Johannisbeerstücke), VOLLKORN-HAFERMEHL (2 %), Kakaobutter***, VOLLMILCHPULVER, GERSTENMALZEXTRAKT, Speisesalz, Emulgator Lecithine, natürliches Aroma. Kann SCHALENFRÜCHTE enthalten. * entspricht 8,5% frischen Cranberrys ** entspricht 14% frischen Früchten *** Rainforest Alliance-zertifiziert",1884,448,15,"5,8",66,24,"9,1","0,21",https://www.edeka24.de/Lebensmittel/Fruehstueck-Snacks/Muesli-Cerealien/Koelln-Knusper-Beere-Schoko-Hafer-Muesli-450G.html,https://www.edeka24.de/out/pictures/generated/product/1/540_540_90/kllnknusperbeereschoko.jpg
1045,Lebensmittel,Frühstück & Snacks,Müsli-Cerealien,Kellogg's Corn Flakes 375G,"2,89 €","7,71 €/kg","inkl. MwSt., zzgl. 4.95 € Versandkosten.",lieferbar innerhalb von 2-5 Werktagen,2023-05-02 23:48:49.577248,Knusprige Corn Flakes,Hinweis zur Aufbewahrung: Kühl und trocken lagern.,"Verantwortliches Lebensmittelunternehmen:
KELLOGG (Deutschland) GmbH, Burchardstraße 14, D-20095 Hamburg","Zutatenverzeichnis: Mais, GERSTENMALZ, Zucker, Salz. Kann enthalten: GLUTEN anderer Getreidesorten.",1604,378,"0,9","0,2",84,8,7,"1,1",https://www.edeka24.de/Lebensmittel/Fruehstueck-Snacks/Muesli-Cerealien/Kellogg-s-Corn-Flakes-375G.html,https://www.edeka24.de/out/pictures/generated/product/1/540_540_90/kellogg039s_corn_flakes_375g.jpg
1046,Lebensmittel,Frühstück & Snacks,Müsli-Cerealien,Kölln Mühlenklassiker mit vielen ganzen Nüssen 750G,"6,49 €","8,65 €/kg","inkl. MwSt., zzgl. 4.95 € Versandkosten.",lieferbar innerhalb von 2-5 Werktagen,2023-05-02 23:48:53.044444,"Müsli mit 22% Nüssen, sowie 5% Sonnenblumen- und Kürbiskernen",Hinweis zur Aufbewahrung: Vor Wärme geschützt und trocken lagern.,"Verantwortliches Lebensmittelunternehmen:
Peter Kölln KGaA, D-25333 Elmshorn","Zutatenverzeichnis: 35% VOLLKORNHAFERFLOCKEN, 25% VOLLKORNWEIZENFLOCKEN, 1 % VOLLKORNGERSTENFLOCKEN, 10% ganze und gehackte HASELNÜSSE, 6% ganze CASHEWkerne, 6% ganze und gehobelte MANDELN, Sonnenblumenkerne, Leinsaat, Kürbiskerne.",429,1792,"19,3","2,3","42,7","6,1","14,8","0,0",https://www.edeka24.de/Lebensmittel/Fruehstueck-Snacks/Muesli-Cerealien/Koelln-Muehlenklassiker-mit-vielen-ganzen-Nuessen-750G.html,https://www.edeka24.de/out/pictures/generated/product/1/540_540_90/kllnmhlenklassikermitganzennssen.jpg
1047,Lebensmittel,Frühstück & Snacks,Müsli-Cerealien,Dr.Oetker Vitalis Schoko Müsli klassisch 600G,"2,99 €","4,98 €/kg","inkl. MwSt., zzgl. 4.95 € Versandkosten.",lieferbar innerhalb von 2-5 Werktagen,2023-05-02 23:48:56.370773,-,Hinweis zur Aufbewahrung: Bitte den Innenbeutel nach dem Öffnen wieder gut verschließen.,"Verantwortliches Lebensmittelunternehmen:
Dr. August Oetker Nahrungsmittel KG, Lutterstraße 14, D-33617 Bielefeld","Zutatenverzeichnis: 57% Vollkorn-HAFERFLOCKEN, 13% Schokolade (Zucker, Kakaomasse, Kakaobutter, Emulgator (Lecithine), Aroma Vanillin), 10% VOLLMILCHSCHOKOLADE (Zucker, VOLLMILCHPULVER, Kakaomasse, Kakaobutter, SÜSSMOLKENPULVER, Emulgator (Lecithine), Aroma Vanillin), Zucker, WEIZENVOLLKORNMEHL, 3,0% karamellisierte und aromatisierte MANDELSTÜCKCHEN (55% MANDELSTÜCKE, Zucker, Palmfett, Glukosesirup, Karamellzuckersirup, Aroma), Reismehl, Palmöl, fettarmes Kakaopulver, WEIZENMEHL, Glukosesirup, getrockneter GERSTENMALZEXTRAKT, WEIZENGLUTEN, MAGERMILCHPULVER, Salz, Cornflakes (Mais, Zucker, Salz, GERSTENMALZEXTRAKT), Karamellzuckersirup, Aroma, Kann Spuren von weiteren SCHALENFRÜCHTEN (NÜSSEN) enthalten",415,1744,12,"4,8",62,23,10,"0,22",https://www.edeka24.de/Lebensmittel/Fruehstueck-Snacks/Muesli-Cerealien/Dr-Oetker-Vitalis-Schoko-Muesli-klassisch-600G.html,https://www.edeka24.de/out/pictures/generated/product/1/540_540_90/droetker_vitalis_schoko_msli.jpg
1048,Lebensmittel,Frühstück & Snacks,Müsli-Cerealien,Kölln Cremig-zartes Hafer-Porridge Beere 375G,"3,79 €","10,11 €/kg","inkl. MwSt., zzgl. 4.95 € Versandkosten.",lieferbar innerhalb von 2-5 Werktagen,2023-05-02 23:49:00.560799,"zarte und lösliche Vollkorn-Haferflocken mit 12% Beeren, zum Teil gesüßt",Hinweis zur Aufbewahrung: Vor Wärme geschützt und trocken lagern.,"Verantwortliches Lebensmittelunternehmen:
Peter Kölln GmbH & Co. KGaA, 25333 Elmshorn, Deutschland","Zutatenverzeichnis: VOLLKORN-HAFERFLOCKEN (70%), lösliche VOLLKORN-HAFERFLOCKEN (18%), gezuckerte und getrocknete Cranberrystücke (Cranberrys, Zucker), gefriergetrocknete Erdbeerstücke, gefriergetrocknete Himbeerstücke, gefriergetrocknete schwarze Johannisbeerstücke, Zitronensaftpulver (Maltodextrin, Zitronensaftkonzentrat). Kann SCHALENFRÜCHTE und MILCH enthalten.",1524,361,6,"1,3",60,"6,5",12,0,https://www.edeka24.de/Lebensmittel/Fruehstueck-Snacks/Muesli-Cerealien/Koelln-Cremig-zartes-Hafer-Porridge-Beere-375G.html,https://www.edeka24.de/out/pictures/generated/product/1/540_540_90/klln_cremigzartes_haferporridge_beere_375g.jpg
1049,Lebensmittel,Frühstück & Snacks,Müsli-Cerealien,Kelloggs Frosties 330G,"2,89 €","8,76 €/kg","inkl. MwSt., zzgl. 4.95 € Versandkosten.",lieferbar innerhalb von 2-5 Werktagen,2023-05-02 23:49:04.258932,Knusprige Flakes aus Mais.,Hinweis zur Aufbewahrung: Kühl und trocken lagern.,"Verantwortliches Lebensmittelunternehmen:
KELLOGG (Deutschland) GmbH, Burchardstraße 14, D-20095 Hamburg","Zutatenverzeichnis: Mais, Zucker (37%), GERSTENMALZ, Glukosesirup, Salz. Kann ERDNÜSSE enthalten.",1594,375,"0,6","0,1",87,37,"4,5","0,83",https://www.edeka24.de/Lebensmittel/Fruehstueck-Snacks/Muesli-Cerealien/Kelloggs-Frosties-330G.html,https://www.edeka24.de/out/pictures/generated/product/1/540_540_90/kelloggs_frosties_330g.jpg
1050,Lebensmittel,Frühstück & Snacks,Müsli-Cerealien,Alnatura Bio Dinkel Hafer Crunchy 375G,"2,79 €","7,44 €/kg","inkl. MwSt., zzgl. 4.95 € Versandkosten.",lieferbar innerhalb von 2-5 Werktagen,2023-05-02 23:49:07.562849,Bio Dinkel-Hafer-Knusper-Müsli,Hinweis zur Aufbewahrung: Bitte trocken lagern und vor Wärme schützen.,"Verantwortliches Lebensmittelunternehmen:
Alnatura GmbH, Mahatma-Gandhi-Straße 7, 64295 Darmstadt","Zutatenverzeichnis: DINKELVOLLKORNFLOCKEN* 36%, HAFERVOLLKORNFLOCKEN* 34%, Reissirup* 27%, Sonnenblumenöl*, Reisextrudat* (Reismehl*, GERSTENMALZMEHL*, Meersalz), Meersalz *aus biologischer Landwirtschaft . Kann Spuren von MILCH, MANDEL, NÜSSEN und SESAM enthalten.",1907,454,15,"1,4",67,16,"9,5","0,29",https://www.edeka24.de/Lebensmittel/Fruehstueck-Snacks/Muesli-Cerealien/Alnatura-Bio-Dinkel-Hafer-Crunchy-375G.html,https://www.edeka24.de/out/pictures/generated/product/1/540_540_90/alnatura_bio_dinkel_hafer_crunchy_375_g.jpg
1051,Lebensmittel,Frühstück & Snacks,Müsli-Cerealien,Kölln Müsli Knusper Schoko-Minze 500G,"3,89 €","7,78 €/kg","inkl. MwSt., zzgl. 4.95 € Versandkosten.",lieferbar innerhalb von 2-5 Werktagen,2023-05-02 23:49:11.094239,Knuspriges Vollkorn-Getreideerzeugnis mit 10 % Schokoladen-Pfefferminz-Stückchen,Hinweis zur Aufbewahrung: Vor Wärme geschützt und trocken lagern.,"Verantwortliches Lebensmittelunternehmen:
Peter Kölln KGaA, D-25333 Elmshorn","Zutatenverzeichnis: Vollkorn-HAFERFLOCKEN (48 %), Zucker, Palmöl, WEIZENMEHL, Glukose-Fruktose-Sirup, Vollkorn-WEIZENFLOCKEN (4 %), fettarmes Kakaopulver, Palmkernfett, HAFER-Vollkornmehl (2 %), Kakaomasse, Kakaobutter, MAGERMILCHPULVER, LAKTOSE, GERSTENMALZEXTRAKT, Emulgator Lecithine, natürliches Vanille-Aroma, Pfefferminzöl, Speisesalz",458,1918,18,"8,1",63,23,8,"0,31",https://www.edeka24.de/Lebensmittel/Fruehstueck-Snacks/Muesli-Cerealien/Koelln-Muesli-Knusper-Schoko-Minze-500G.html,https://www.edeka24.de/out/pictures/generated/product/1/540_540_90/klln_msli_knusper_schokominze_500_g.jpg
1052,Lebensmittel,Frühstück & Snacks,Müsli-Cerealien,Kölln Knusper Chai & Schoko Hafer-Müsli 450G,"2,50 €","5,56 €/kg","inkl. MwSt., zzgl. 4.95 € Versandkosten.",lieferbar innerhalb von 2-5 Werktagen,2023-05-02 23:49:14.772624,Knusper Vollkorn-Müsli mit Gewürzen und 10% weißen Schokoladenstückchen,Hinweis zur Aufbewahrung: Vor Wärme geschützt und trocken lagern.,"Verantwortliches Lebensmittelunternehmen:
Peter Kölln GmbH & Co. KGaA, Westerstr. 22-24, 25336 Elmshorn","Zutatenverzeichnis: VOLLKORN-HAFERFLOCKEN (52 %), Zucker, Palmöl, WEIZENMEHL, VOLLKORN-WEIZENFLOCKEN (6 %), Glukose-Fruktose-Sirup, Kakaobutter*, VOLLMILCHPULVER, VOLLKORN-HAFERMEHL (2 %), MAGERMILCHPULVER, Gewürzmischung (0,5 %) (Ingwer, Kardamom, Zimt, Muskatnuss, Gewürznelke, Süßholzwurzel, schwarzer Pfeffer), Speisesalz, GERSTENMALZEXTRAKT, Emulgator Lecithine. Kann SCHALENFRÜCHTE enthalten. *Rainforest Alliance-zertifiziert",1895,451,17,"6,8",62,21,10,"0,18",https://www.edeka24.de/Lebensmittel/Fruehstueck-Snacks/Muesli-Cerealien/Koelln-Knusper-Chai-Schoko-Hafer-Muesli-450G.html,https://www.edeka24.de/out/pictures/generated/product/1/540_540_90/kamp246lln_knusper_chaiampampschoko_hafermamp252sli_450g.jpg
1053,Lebensmittel,Frühstück & Snacks,Müsli-Cerealien,Alnatura Bio Haferflocken Feinblatt klein 500G,"1,39 €","2,78 €/kg","inkl. MwSt., zzgl. 4.95 € Versandkosten.",lieferbar innerhalb von 2-5 Werktagen,2023-05-02 23:49:18.379055,-,"Hinweis zur Aufbewahrung: Bitte trocken lagern, vor Wärme schützen.","Verantwortliches Lebensmittelunternehmen:
Alnatura Produktions- und Handels GmbH, Mahatma-Gandhi-Str. 7, 64295 Darmstadt",Zutatenverzeichnis: HAFERVOLLKORNFLOCKEN*. *aus biologischer Landwirtschaft.,1566,372,7,"1,3","59,1","1,1",13,"0,03",https://www.edeka24.de/Lebensmittel/Fruehstueck-Snacks/Muesli-Cerealien/Alnatura-Bio-Haferflocken-Feinblatt-klein-500G.html,https://www.edeka24.de/out/pictures/generated/product/1/540_540_90/alnatura_bio_haferflocken_feinblatt.jpg
1054,Lebensmittel,Frühstück & Snacks,Müsli-Cerealien,Kellogg's Tresor Milk Chocolate 410G,"3,79 €","9,24 €/kg","inkl. MwSt., zzgl. 4.95 € Versandkosten.",lieferbar innerhalb von 2-5 Werktagen,2023-05-02 23:49:22.151882,-,,"Verantwortliches Lebensmittelunternehmen:
Kellogg Europe Trading Limited, IR-K67 Y7E5","Zutatenverzeichnis: Getreidemehle (55%) (WEIZEN, HAFER, Reis), Füllung mit MILCHSCHOKOLADENGESCHMACK (Zucker, Pflanzenöle {Sonnenblume, Raps, Palm}, MILCHSCHOKOLADE (9%) {Zucker, Kakaomasse, SÜßMOLKENPULVER, MILCHFETT, VOLLMILCHPULVER, Kakaobutter}, Glukosesirup, fettarmes Kakaopulver",1915,455,15,"4,1",71,25,"7,2","0,95",https://www.edeka24.de/Lebensmittel/Fruehstueck-Snacks/Muesli-Cerealien/Kellogg-s-Tresor-Milk-Chocolate-410G.html,https://www.edeka24.de/out/pictures/generated/product/1/540_540_90/kellogg039s_tresor_milk_chocolate_410g.jpg
1055,Lebensmittel,Frühstück & Snacks,Müsli-Cerealien,Kölln Balance Zartes Hafer-Müsli Schoko glutenfrei 400G,"4,49 €","11,23 €/kg","inkl. MwSt., zzgl. 4.95 € Versandkosten.",lieferbar innerhalb von 2-5 Werktagen,2023-05-02 23:49:25.389112,"Glutenfreies Hafer-Vollkorn-Müsli mit 10 % Schokolade, 10 % Vollmilchschokolade und 3 % Haselnusskrokant",Hinweis zur Aufbewahrung: Vor Wärme geschützt und trocken lagern.Innenbeutel nach dem Öffnen wieder gut verschließen.,"Verantwortliches Lebensmittelunternehmen:
Peter Kölln GmbH & Co. KGaA, 25333 Elmshorn","Zutatenverzeichnis: VOLLKORN-HAFERFLOCKEN (66%), Zucker, Kakaomasse, Maisgrieß, VOLLMILCHPULVER, Kakaobutter, Quinoamehl, Reismehl, gehackte HASELNUSSKERNE, Kakaopulver, SÜSSMOLKENPULVER, Karamellsirup, Invertzuckersirup, Speisesalz, Emulgator Lecithine",1664,396,"10,2","4,1",61,17,11,"0,13",https://www.edeka24.de/Lebensmittel/Fruehstueck-Snacks/Muesli-Cerealien/Koelln-Balance-Zartes-Hafer-Muesli-Schoko-glutenfrei-400G.html,https://www.edeka24.de/out/pictures/generated/product/1/540_540_90/klln_balance_zartes_hafermsli_schoko_glutenfrei_400_g.jpg
1056,Lebensmittel,Frühstück & Snacks,Müsli-Cerealien,Kölln Zartes Bircher Nussiges Hafer-Müsli 500G,"3,89 €","7,78 €/kg","inkl. MwSt., zzgl. 4.95 € Versandkosten.",lieferbar innerhalb von 2-5 Werktagen,2023-05-02 23:49:28.332334,"Vollkorn-Hafermüsli mit 17% Nüssen, Saaten und Kernen",Hinweis zur Aufbewahrung: Vor Wärme geschützt und trocken lagern. Beutel nach dem Öffnen wieder gut verschließen.,"Verantwortliches Lebensmittelunternehmen:
Peter Kölln GmbH & Co. KGaA, 25333 Elmshorn, Deutschland","Zutatenverzeichnis: VOLLKORN-HAFERFLOCKEN (80 %), NUSSKERNMISCHUNG (gehackte MANDELN, CASHEWKERNSTÜCKE, PEKANUSSKERNSTÜCKE), getrocknete Apfelstücke (3 %), Sonnenblumenkerne, Leinsamen, Buchweizen",1711,408,14,"2,4",50,"3,7",15,0,https://www.edeka24.de/Lebensmittel/Fruehstueck-Snacks/Muesli-Cerealien/Koelln-Zartes-Bircher-Nussiges-Hafer-Muesli-500G.html,https://www.edeka24.de/out/pictures/generated/product/1/540_540_90/kamp246lln_zartes_bircher_nussiges_hafermamp252sli_500g.jpg
1057,Lebensmittel,Frühstück & Snacks,Müsli-Cerealien,Kölln Echte Kernige Haferflocken 500G,"1,79 €","3,58 €/kg","inkl. MwSt., zzgl. 4.95 € Versandkosten.",lieferbar innerhalb von 2-5 Werktagen,2023-05-02 23:49:31.739989,-,Hinweis zur Aufbewahrung: Vor Wärme geschützt und trocken lagern.,"Verantwortliches Lebensmittelunternehmen:
Peter Kölln KGaA, D-25333 Elmshorn",Zutatenverzeichnis: 100% HAFERVOLLKORN,1520,361,"6,7","1,3","55,8","1,2","13,8","0,01",https://www.edeka24.de/Lebensmittel/Fruehstueck-Snacks/Muesli-Cerealien/Koelln-Echte-Kernige-Haferflocken-500G.html,https://www.edeka24.de/out/pictures/generated/product/1/540_540_90/kllnkerni.jpg
1058,Lebensmittel,Frühstück & Snacks,Müsli-Cerealien,Kelloggs Froot Loops 375G,"2,89 €","7,71 €/kg","inkl. MwSt., zzgl. 4.95 € Versandkosten.",lieferbar innerhalb von 2-5 Werktagen,2023-05-02 23:49:35.385029,Knusprige Getreideringe mit Fruchtgeschmack.,Hinweis zur Aufbewahrung: Kühl und trocken lagern.,"Verantwortliches Lebensmittelunternehmen:
KELLOGG (Deutschland) GmbH, Burchardstraße 14, D-20095 Hamburg","Zutatenverzeichnis: Getreidemehle(VOLLKORNHAFER, WEIZEN, Mais), Zucker, Glukosesirup, Salz, natürliches Citrus Aroma mit anderen natürlichen Aromen, Frucht- und Gemüsekonzentrate(Rettich, Äpfel, Schwarze Johannisbeere, Karotten, Kirschen), Farbstoff(Carotine). Kann SOJA enthalten.",1630,385,3,"0,9",79,25,"8,3","1,13",https://www.edeka24.de/Lebensmittel/Fruehstueck-Snacks/Muesli-Cerealien/Kelloggs-Froot-Loops-375G.html,https://www.edeka24.de/out/pictures/generated/product/1/540_540_90/05053827110679_kelloggs_froot_loops_375g.jpg
1059,Lebensmittel,Frühstück & Snacks,Müsli-Cerealien,EDEKA Haferhimmel Porridge Beeren 350G,"2,19 €","6,26 €/kg","inkl. MwSt., zzgl. 4.95 € Versandkosten.",lieferbar innerhalb von 2-5 Werktagen,2023-05-02 23:49:38.871058,Haferflocken mit Früchten zur Herstellung einer Hafermahlzeit,Hinweis zur Aufbewahrung: Vor Wärme geschützt und trocken lagern.,"Verantwortliches Lebensmittelunternehmen:
EDEKA ZENTRALE Stiftung & Co. KG, D-22291 Hamburg","Zutatenverzeichnis: 94,4% HAFERVOLLKORNFLOCKEN, 2% gefriergetrocknete Erdbeerstückchen, 2% gefriergetrocknete Himbeerstückchen, 0,8% gefriergetrocknete schwarze Johannisbeeren, 0,8% gefriergetrocknete Sauerkirschstückchen. Das Produkt kann Spuren von ERDNÜSSEN, LUPINEN, MILCH, SCHALENFRÜCHTEN, SENF, SESAM und SOJA enthalten.",1540,366,"6,7","1,2","57,8",3,"13,1","0,02",https://www.edeka24.de/Lebensmittel/Fruehstueck-Snacks/Muesli-Cerealien/EDEKA-Haferhimmel-Porridge-Beeren-350G.html,https://www.edeka24.de/out/pictures/generated/product/1/540_540_90/edeka_premium_porridge_beere_350g(1).jpg
1060,Lebensmittel,Frühstück & Snacks,Müsli-Cerealien,EDEKA Knusper Müsli Honig-Nuss 500G,"3,29 €","6,58 €/kg","inkl. MwSt., zzgl. 4.95 € Versandkosten.",lieferbar innerhalb von 2-5 Werktagen,2023-05-02 23:49:42.224072,"Knuspermüsli mit 47% Hafervollkornflocken, 3,5% Cashewkernen, 3% halbierten Haselnusskernen, 2% gehobelten Mandeln, 2% Honig, 1,5% gehackten Pecannüssen und 1% gehobelten Paranüssen.",Hinweis zur Aufbewahrung: Vor Wärme geschützt und trocken lagern.,"Verantwortliches Lebensmittelunternehmen:
EDEKA ZENTRALE Stiftung & Co. KG, D-22291 Hamburg","Zutatenverzeichnis: Knuspermüsli (HAFERVOLLKORNFLOCKEN, Zucker, Palmfett, WEIZENVOLLKORNFLOCKEN, WEIZENMEHL, GETREIDE-EXTRUDAT (HAFERVOLLKORNFLOCKEN, WEIZENMEHL, Zucker, GERSTENMALZEXTRAKT, Speisesalz), Honig, Speisesalz, natürliches Aroma), WEIZENFLAKES (WEIZEN, Speisesalz, GERSTENMALZEXTRAKT), CASHEWKERNE, HASELNUSSKERNE halbiert und geröstet, MANDELN gehobelt, PECANNÜSSE gehackt, PARANÜSSE gehobelt. Das Produkt kann Spuren von ERDNÜSSEN, SOJA, MILCH, SESAM, SENF, LUPINEN und anderen SCHALENFRÜCHTEN enthalten.",1969,470,"19,9","5,7","58,6",17,"10,5","0,39",https://www.edeka24.de/Lebensmittel/Fruehstueck-Snacks/Muesli-Cerealien/EDEKA-Knusper-Muesli-Honig-Nuss-500G.html,https://www.edeka24.de/out/pictures/generated/product/1/540_540_90/edeka_premium_knusper_mamp252sli_honignuss_500g.jpg
1061,Lebensmittel,Frühstück & Snacks,Müsli-Cerealien,Kelloggs Special K Classic Cerealien 300G,"2,89 €","9,63 €/kg","inkl. MwSt., zzgl. 4.95 € Versandkosten.",lieferbar innerhalb von 2-5 Werktagen,2023-05-02 23:49:46.046659,Knusprige Getreideflakes.,,"Verantwortliches Lebensmittelunternehmen:
Kellogg (Deutschland) GmbH, Burchardstraße 14, 20095 Hamburg","Zutatenverzeichnis: Reis (45%), VOLLKORNWEIZEN (32%), Zucker, GERSTE (8%), gemälztes GERSTENMEHL (3,5%), GERSTENMALZ, Salz, Vitamine (Vit. C, Niacin, Vit. B6, Vit. B2, Vit. B1, Folsäure, Vit. B12) und Eisen. Kann Spuren von Milch enthalten.",1578,372,"1,5","0,3",78,"11,9","9,3",1,https://www.edeka24.de/Lebensmittel/Fruehstueck-Snacks/Muesli-Cerealien/Kelloggs-Special-K-Classic-Cerealien-300G.html,https://www.edeka24.de/out/pictures/generated/product/1/540_540_90/special-k-5053827109307.jpg
1062,Lebensmittel,Frühstück & Snacks,Müsli-Cerealien,Kölln Müsli Knusper Schoko & Keks 500G,"3,89 €","7,78 €/kg","inkl. MwSt., zzgl. 4.95 € Versandkosten.",lieferbar innerhalb von 2-5 Werktagen,2023-05-02 23:49:49.622541,Knuspriges Vollkorn-Getreideerzeugnis mit 11 % Vollmilchschokolade und 6 % Butterkeksen,Hinweis zur Aufbewahrung: Vor Wärme geschützt und trocken lagern.,"Verantwortliches Lebensmittelunternehmen:
Peter Kölln KGaA, D-25333 Elmshorn","Zutatenverzeichnis: Vollkorn-HAFERFLOCKEN (48 %), Zucker, WEIZENMEHL, Palmöl, Vollkorn-WEIZENFLOCKEN (6 %), Glucose-Fructose-Sirup, VOLLMILCHPULVER, HAFER-Vollkornmehl (2 %), Kakaomasse, Kakaobutter, SÜßMOLKENPULVER, BUTTER, WEIZENSTRÄKE, GERSTENMALZEXTRAKT, Backtriebmittel (Ammoniumhydrogencarbonat, Natriumhydrogencarbonat), Säureregulator Calciumcarbonat, Speisesalz, Säuerungsmittel Citronensäure, Emulgator Lecithine, Aroma",455,1911,16,"7,4","63,9","21,2","10,1","0,48",https://www.edeka24.de/Lebensmittel/Fruehstueck-Snacks/Muesli-Cerealien/Koelln-Muesli-Knusper-Schoko-Keks-500G.html,https://www.edeka24.de/out/pictures/generated/product/1/540_540_90/klln_msli_knusper_schoko_amp_keks_500_g.jpg
1063,Lebensmittel,Frühstück & Snacks,Müsli-Cerealien,Alnatura Bio Dinkel gepufft 200G,"2,19 €","10,95 €/kg","inkl. MwSt., zzgl. 4.95 € Versandkosten.",lieferbar innerhalb von 2-5 Werktagen,2023-05-02 23:49:53.623936,"Bio Dinkel gepufft, mit Honig",Hinweis zur Aufbewahrung: Bitte trocken lagern und vor Wärme schützen. Nach dem Öffnen Verpackung gut verschließen.,"Verantwortliches Lebensmittelunternehmen:
Alnatura Produktions- und Handels GmbH, Mahatma-Gandhi-Str. 7, 64295 Darmstadt","Zutatenverzeichnis: DINKEL* gepufft 75%, Honig* 25% *aus biologischer Landwirtschaft . Kann Spuren von SOJA, MILCH, MANDEL, NÜSSEN und SESAM enthalten.",1656,391,3,"0,4",78,23,"9,7","0,1",https://www.edeka24.de/Lebensmittel/Fruehstueck-Snacks/Muesli-Cerealien/Alnatura-Bio-Dinkel-gepufft-200G.html,https://www.edeka24.de/out/pictures/generated/product/1/540_540_90/bio_alnatura_dinkel_gepufft_200g.jpg
1064,Lebensmittel,Frühstück & Snacks,Müsli-Cerealien,Dr.Oetker Vitalis Joghurt Müsli 600G,"2,99 €","4,98 €/kg","inkl. MwSt., zzgl. 4.95 € Versandkosten.",lieferbar innerhalb von 2-5 Werktagen,2023-05-02 23:49:59.224078,-,Hinweis zur Aufbewahrung: Bitte den Innenbeutel nach dem Öffnen wieder gut verschließen.,"Verantwortliches Lebensmittelunternehmen:
Dr. August Oetker Nahrungsmittel KG, Lutterstraße 14, D-33617 Bielefeld","Zutatenverzeichnis: 69% Vollkorn-HAFERFLOCKEN, 10% MAGERMILCHJOGHURT-Konfekt (Palmkernfett, 28% MAGERMILCHJOGHURTPULVER, Zucker, SÜSSMOLKENPULVER, MILCHZUCKER, Emulgator Lecithine), Zucker, Cornflakes (Mais, Zucker, Salz, GERSTENMALZEXTRAKT), Palmöl, WEIZENMEHL, Reismehl, Glukosesirup, 0,7% gefriergetrocknete geölte Erdbeerstücke (96% gefriergetrocknete Erdbeerstücke, Palmöl), Dextrose, WEIZENVOLLKORNMEHL, 0,3% MAGERMILCHJOGHURTPULVER, Aroma (enthält MILCHBESTANDTEILE), getrocknete WEIZENKEIME, getrockneter GERSTENMALZEXTRAKT, MAGERMILCHPULVER, Salz, Karamellzuckersirup, Kann Spuren von SCHALENFRÜCHTEN (NÜSSEN) enthalten",1743,414,12,"5,4",62,13,11,"0,21",https://www.edeka24.de/Lebensmittel/Fruehstueck-Snacks/Muesli-Cerealien/Dr-Oetker-Vitalis-Joghurt-Muesli-600G.html,https://www.edeka24.de/out/pictures/generated/product/1/540_540_90/droetker_vitalis_joghurt_msli.jpg
1065,Lebensmittel,Frühstück & Snacks,Müsli-Cerealien,Dr.Oetker Vitalis Knusper Schoko-Banane 600G,"3,99 €","6,65 €/kg","inkl. MwSt., zzgl. 4.95 € Versandkosten.",lieferbar innerhalb von 2-5 Werktagen,2023-05-02 23:50:03.556683,Knusprige Getreidekost mit Vollmilchschokolade und Banane,Hinweis zur Aufbewahrung: Bitte den Innenbeutel nach dem Öffnen wieder gut verschließen.,"Verantwortliches Lebensmittelunternehmen:
Dr. August Oetker Nahrungsmittel KG, Lutterstraße 14, D-33617 Bielefeld","Zutatenverzeichnis: 45% Vollkorn-HAFERFLOCKEN, Zucker, WEIZENMEHL, Palmöl, 5,0% VOLLMILCHSCHOKOLADE (Zucker, VOLLMILCHPULVER, Kakaomasse, Kakaobutter, SÜSSMOLKENPULVER, Emulgator (Lecithine), Aroma Vanillin), Maismehl, 4,0% geviertelte geröstete gesüßte Bananenscheiben (55%Bananen, Kokosnussöl, Zucker, Aroma), 3,6% getrocknetes Bananenpüree, 2,2% MANDELN, Glukosesirup, WEIZENVOLLKORNMEHL, Vollkorn-HAFERMEHL, WEIZENGLUTEN, 1,0% fettarmer Kakao, Aroma, getrockneter GERSTENMALZEXTRAKT, Salz, Kann Spuren von weiteren SCHALENFRÜCHTEN (NÜSSEN) enthalten",453,1903,15,"5,9",66,24,"9,4","0,15",https://www.edeka24.de/Lebensmittel/Fruehstueck-Snacks/Muesli-Cerealien/Dr-Oetker-Vitalis-Knusper-Schoko-Banane-600G.html,https://www.edeka24.de/out/pictures/generated/product/1/540_540_90/droetker_vitalis_knusper_schokobanane.jpg
1066,Lebensmittel,Frühstück & Snacks,Müsli-Cerealien,Kölln Cremig-zartes Hafer-Porridge Früchte 375G,"3,79 €","10,11 €/kg","inkl. MwSt., zzgl. 4.95 € Versandkosten.",lieferbar innerhalb von 2-5 Werktagen,2023-05-02 23:50:07.653989,Zarte und leicht lösliche Vollkorn-Haferflocken mit 22% Früchten,Hinweis zur Aufbewahrung: Vor Wärme geschützt und trocken lagern. Innenbeutel nach dem Öffnen wieder gut verschließen.,"Verantwortliches Lebensmittelunternehmen:
Peter Kölln GmbH & Co. KGaA, 25333 Elmshorn, Deutschland","Zutatenverzeichnis: VOLLKORN-HAFERFLOCKEN (60%), leicht lösliche VOLLKORN-HAFERFLOCKEN (18%), getrocknete Apfelstücke, gehackte Sultaninen, getrocknete Apfelstücke, getrocknete Bananenflocken, Zitronensaftkonzentrat, Maltodextrin",362,1528,"5,5","1,3",62,15,12,"0,04",https://www.edeka24.de/Lebensmittel/Fruehstueck-Snacks/Muesli-Cerealien/Koelln-Cremig-zartes-Hafer-Porridge-Fruechte-375G.html,https://www.edeka24.de/out/pictures/generated/product/1/540_540_90/klln_cremigzartes_haferporridge_frchte_375g.jpg
1067,Lebensmittel,Frühstück & Snacks,Müsli-Cerealien,Dr.Oetker Vitalis Knusper Müsli Schoko 600G,"2,99 €","4,98 €/kg","inkl. MwSt., zzgl. 4.95 € Versandkosten.",lieferbar innerhalb von 2-5 Werktagen,2023-05-02 23:50:11.746588,Knusper Müsli mit Vollmilchschokolade,Hinweis zur Aufbewahrung: Bitte den Innenbeutel nach dem Öffnen wieder gut verschließen.,"Verantwortliches Lebensmittelunternehmen:
DR. AUGUST OETKER NAHRUNGSMITTEL KG, 33547 Bielefeld","Zutatenverzeichnis: 52% Vollkorn-HAFERFLOCKEN, Zucker, Palmöl, WEIZENMEHL, Glukosesirup, 5,0% VOLLMILCHSCHOKOLADE (Zucker, VOLLMILCHPULVER, Kakaomasse, Kakaobutter, SÜSSMOLKENPULVER, Emulgator (Lecithine)), Reismehl, Cornflakes (Mais, Zucker, Salz, GERSTENMALZEXTRAKT), 1,7% fettarmes Kakaopulver, Salz, getrockneter GERSTENMALZEXTRAKT, Aroma Vanillin, Kann enthalten: (SCHALENFRÜCHTE (NÜSSE))",439,1843,14,"5,1",67,24,"8,6","0,89",https://www.edeka24.de/Lebensmittel/Fruehstueck-Snacks/Muesli-Cerealien/Dr-Oetker-Vitalis-Knusper-Muesli-Schoko-600G.html,https://www.edeka24.de/out/pictures/generated/product/1/540_540_90/oevitalis_knschomuesli_600g.jpg
1068,Lebensmittel,Frühstück & Snacks,Müsli-Cerealien,Alnatura Bio Früchte-Müsli 750G,"3,79 €","5,05 €/kg","inkl. MwSt., zzgl. 4.95 € Versandkosten.",lieferbar innerhalb von 2-5 Werktagen,2023-05-02 23:50:15.877772,Bio Müsli mit 40 % Trockenfrüchten und 60 % Getreidevollkornflocken,Hinweis zur Aufbewahrung: Bitte trocken lagern und vor Wärme schützen.,"Verantwortliches Lebensmittelunternehmen:
Alnatura GmbH, Mahatma-Gandhi-Straße 7, 64295 Darmstadt","Zutatenverzeichnis: Trockenfrüchte* (Sultaninen* getrocknet und geölt (Sultaninen* 99,5%, Sonnenblumenöl*), Weinbeeren* (Weinbeeren* 99,5%, Sonnenblumenöl*), Feigenstücke* (Feigen*, Reismehl*), Aprikosenstücke* (Aprikosen*, Reismehl*), Apfelstücke*), WEIZENVOLLKORNFLOCKEN*, HAFERVOLLKORNFLOCKEN* * aus biologischer Landwirtschaft . Kann Spuren von ERDNUSS, SOJA, MILCH, MANDEL, NÜSSEN, SESAM und LUPINE enthalten.",1352,320,3,"0,6",60,25,"7,8","0,04",https://www.edeka24.de/Lebensmittel/Fruehstueck-Snacks/Muesli-Cerealien/Alnatura-Bio-Fruechte-Muesli-750G.html,https://www.edeka24.de/out/pictures/generated/product/1/540_540_90/bio_alnatura_framp252chtemamp252sli_750g.jpg
1069,Lebensmittel,Frühstück & Snacks,Müsli-Cerealien,Alnatura Bio Haferflocken Großblatt 500G,"1,39 €","2,78 €/kg","inkl. MwSt., zzgl. 4.95 € Versandkosten.",lieferbar innerhalb von 2-5 Werktagen,2023-05-02 23:50:21.729131,-,"Hinweis zur Aufbewahrung: Bitte trocken lagern, vor Wärme schützen.","Verantwortliches Lebensmittelunternehmen:
Alnatura Produktions- und Handels GmbH, Mahatma-Gandhi-Str. 7, 64295 Darmstadt",Zutatenverzeichnis: HAFERVOLLKORNFLOCKEN*. *aus biologischer Landwirtschaft,1566,372,7,"1,3","59,1","1,1",13,"0,03",https://www.edeka24.de/Lebensmittel/Fruehstueck-Snacks/Muesli-Cerealien/Alnatura-Bio-Haferflocken-Grossblatt-500G.html,https://www.edeka24.de/out/pictures/generated/product/1/540_540_90/4104420115743-alnatura-haferflocken-groblatt.jpg
1070,Lebensmittel,Frühstück & Snacks,Müsli-Cerealien,Kelloggs Honey Bsss Pops 375G,"2,89 €","7,71 €/kg","inkl. MwSt., zzgl. 4.95 € Versandkosten.",lieferbar innerhalb von 2-5 Werktagen,2023-05-02 23:50:26.243684,Knusprige Getreidekost mit Zuckerarten und Honig.,Hinweis zur Aufbewahrung: Bitte trocken lagern.,"Verantwortliches Lebensmittelunternehmen:
KELLOGG (Deutschland) GmbH, Burchardstraße 14, D-20095 Hamburg","Zutatenverzeichnis: Maismehl(75%), Zucker, Glukosesirup, Gluco-Oligosaccharide, Honig(2%), Salz, GERSTENMALZ, Farbstoff(Carotin).",1610,380,"1,1","0,2",85,28,"5,4","0,83",https://www.edeka24.de/Lebensmittel/Fruehstueck-Snacks/Muesli-Cerealien/Kelloggs-Honey-Bsss-Pops-375G.html,https://www.edeka24.de/out/pictures/generated/product/1/540_540_90/honey-pops-5050083302862.jpg
1071,Lebensmittel,Frühstück & Snacks,Müsli-Cerealien,Kölln Crunchy Peanut Choc Hafer-Müsli 400G,"3,89 €","9,73 €/kg","inkl. MwSt., zzgl. 4.95 € Versandkosten.",lieferbar innerhalb von 2-5 Werktagen,2023-05-02 23:50:30.180801,Knusper Müsli mit 10% Erdnüssen und 7% Vollmilchschokoladenstückchen,Hinweis zur Aufbewahrung: Vor Wärme geschützt und trocken lagern. Innenbeutel nach dem Öffnen wieder gut verschließen.,"Verantwortliches Lebensmittelunternehmen:
Peter Kölln GmbH & Co. KGaA, Westerstr. 22-24, 25336 Elmshorn","Zutatenverzeichnis: VOLLKORN-HAFERFLOCKEN (43 %), Zucker, geröstete ERDNUSSKERNE, Palmöl, WEIZENMEHL, VOLLKORN-WEIZENFLOCKEN (5 %), Glukose-Fruktose-Sirup, VOLLKORN-HAFERMEHL (4 %), Kakaomasse*, VOLLMILCHPULVER, Kakaobutter*, fettarmes Kakaopulver*, Karamellsirup, GERSTENMALZEXTRAKT, Maisstärke, Speisesalz, Emulgator Lecithine, natürliches Aroma. Kann SCHALENFRÜCHTE, SOJA und SESAM enthalten. *Rainforest Alliance-zertifiziert",1925,459,18,"5,8",63,20,"9,7","0,36",https://www.edeka24.de/Lebensmittel/Fruehstueck-Snacks/Muesli-Cerealien/Koelln-Crunchy-Peanut-Choc-Hafer-Muesli-400G.html,https://www.edeka24.de/out/pictures/generated/product/1/540_540_90/kamp246lln_crunchy_peanut_choc_hafermamp252sli_400g.jpg
1072,Lebensmittel,Frühstück & Snacks,Müsli-Cerealien,Nestle Cookie Crisp 375G,"3,99 €","10,64 €/kg","inkl. MwSt., zzgl. 4.95 € Versandkosten.",lieferbar innerhalb von 2-5 Werktagen,2023-05-02 23:50:35.349693,Geröstete Getreidekost mit Schoko-Keks-Stückchen,Hinweis zur Aufbewahrung: Trocken lagern. Vor Wärme schützen.,"Verantwortliches Lebensmittelunternehmen:
C.P.D. Cereal Partners Deutschland GmbH & Co. OHG, D-60523 Frankfurt am Main","Zutatenverzeichnis: Getreide (35,2% VOLLKORNWEIZENMEHL, Maisgrieß), Zucker, Glukosesirup, WEIZENSTÄRKE, Sonnenblumenöl, 3% Schoko-Keks-Stückchen (WEIZENMEHL, Puderzucker, Kakaopulver, Sonnenblumenöl, Maisstärke), Vitamine und Mineralstoffe (Calciumcarbonat, Niacin, Pantothensäure, Eisen, Vit. D, Folsäure, Vit. B6, Riboflavin [Vit. B2]), fettarmer Kakao, Salz, Backtriebmittel (Natriumcarbonate), natürliches Aroma, Melasse. Kann MILCH, ERDNÜSSE und NÜSSE enthalten.",1641,388,5,"0,7",76,22,"6,7","0,78",https://www.edeka24.de/Lebensmittel/Fruehstueck-Snacks/Muesli-Cerealien/Nestle-Cookie-Crisp-375G.html,https://www.edeka24.de/out/pictures/generated/product/1/540_540_90/nestl-cookie-crisp-375-65g.jpg
1073,Lebensmittel,Frühstück & Snacks,Müsli-Cerealien,Alnatura Bio Kokos Crunchy 375G,"3,49 €","9,31 €/kg","inkl. MwSt., zzgl. 4.95 € Versandkosten.",lieferbar innerhalb von 2-5 Werktagen,2023-05-02 23:50:39.352189,Bio Hafer-Knusper-Müsli mit Kokoschips und Kokosraspel,Hinweis zur Aufbewahrung: Bitte trocken lagern und vor Wärme schützen.,"Verantwortliches Lebensmittelunternehmen:
Alnatura Produktions- und Handels GmbH, Mahatma-Gandhi-Str. 7, 64295 Darmstadt","Zutatenverzeichnis: HAFERVOLLKORNFLOCKEN* 70%, Rübenzucker*, Reissirup*, Sonnenblumenöl*, Kokoschips* 5,6%, Kokosraspel* 5%, Meersalz. Kann Spuren von MILCH, MANDEL, NÜSSEN und SESAM enthalten. *aus biologischer Landwirtschaft",1943,464,19,"7,7",60,16,9,"0,22",https://www.edeka24.de/Lebensmittel/Fruehstueck-Snacks/Muesli-Cerealien/Alnatura-Bio-Kokos-Crunchy-375G.html,https://www.edeka24.de/out/pictures/generated/product/1/540_540_90/bio_alnatura_kokos_crunchy_375g.jpg
1074,Lebensmittel,Frühstück & Snacks,Müsli-Cerealien,Alnatura Bio Amaranth gepufft 125G,"1,89 €","15,12 €/kg","inkl. MwSt., zzgl. 4.95 € Versandkosten.",lieferbar innerhalb von 2-5 Werktagen,2023-05-02 23:50:42.987445,-,Hinweis zur Aufbewahrung: Bitte trocken lagern und vor Wärme schützen. Nach dem Öffnen Verpackung gut verschließen.,"Verantwortliches Lebensmittelunternehmen:
Alnatura Produktions- und Handels GmbH, Mahatma-Gandhi-Str. 7, 64295 Darmstadt","Zutatenverzeichnis: Amaranth* gepufft *aus biologischer Landwirtschaft . Kann Spuren von NÜSSEN, MANDELN, MILCH, SOJA und SESAM enthalten.",1685,400,"8,8","2,5",62,"1,5",15,"0,05",https://www.edeka24.de/Lebensmittel/Fruehstueck-Snacks/Muesli-Cerealien/Alnatura-Bio-Amaranth-gepufft-125G.html,https://www.edeka24.de/out/pictures/generated/product/1/540_540_90/alnatura_bio_amaranth_gepufft.jpg
1075,Lebensmittel,Frühstück & Snacks,Müsli-Cerealien,Alnatura Bio Schoko Müsli mit Vollmilch Schokolade 750G,"3,29 €","4,39 €/kg","inkl. MwSt., zzgl. 4.95 € Versandkosten.",lieferbar innerhalb von 2-5 Werktagen,2023-05-02 23:50:47.168828,Bio Müsli mit 73 % Getreidevollkornflocken und 17 % Vollmilchschokolade,Hinweis zur Aufbewahrung: Bitte trocken lagern und vor Wärme schützen.,"Verantwortliches Lebensmittelunternehmen:
Alnatura Produktions- und Handels GmbH, Mahatma-Gandhi-Str. 7, 64295 Darmstadt","Zutatenverzeichnis: HAFERVOLLKORNFLOCKEN*, WEIZENVOLLKORNFLOCKEN*, Vollmilchschokolade*(Rohrohrzucker*, MILCHPULVER*, Kakaobutter*, Kakaomasse*, Emulgator:SOJALECITHIN*, Bourbon Vanilleschote* gemahlen), Reisgrieß* extrudiertmit Kakao-Überzug* 10% (Reisgrieß, Rohrohrzucker*, Kakao*, Maismalz,GERSTENMALZ*, Sonnenblumenöl*, Meersalz)*aus biologischer Landwirtschaft. Kann Spuren von MANDELN, NÜSSEN und SESAM enthalten",1660,395,"10,1",5,"60,9","12,1","10,8","0,15",https://www.edeka24.de/Lebensmittel/Fruehstueck-Snacks/Muesli-Cerealien/Alnatura-Bio-Schoko-Muesli-mit-Vollmilch-Schokolade-750G.html,https://www.edeka24.de/out/pictures/generated/product/1/540_540_90/alnatura_bio_schoko_msli_mit_vollmilch_schokolade.jpg
1076,Lebensmittel,Frühstück & Snacks,Müsli-Cerealien,Kölln Cremig-zartes Hafer-Porridge Nuss 375G,"3,79 €","10,11 €/kg","inkl. MwSt., zzgl. 4.95 € Versandkosten.",lieferbar innerhalb von 2-5 Werktagen,2023-05-02 23:50:50.786043,Zarte und leicht lösliche Vollkorn-Haferflocken mit 10% Haselnuss,Hinweis zur Aufbewahrung: Vor Wärme geschützt und trocken lagern. Innenbeutel nach dem Öffnen wieder gut verschließen.,"Verantwortliches Lebensmittelunternehmen:
Peter Kölln GmbH & Co. KGaA, 25333 Elmshorn, Deutschland","Zutatenverzeichnis: VOLLKORN-HAFERFLOCKEN (72%), leicht lösliche VOLLKORN-HAFERFLOCKEN (18%), gehackte und gemahlene HASELNUSSKERNE",1656,395,13,"1,7",51,"1,5",14,0,https://www.edeka24.de/Lebensmittel/Fruehstueck-Snacks/Muesli-Cerealien/Koelln-Cremig-zartes-Hafer-Porridge-Nuss-375G.html,https://www.edeka24.de/out/pictures/generated/product/1/540_540_90/kllnhapornuss.jpg
1077,Lebensmittel,Frühstück & Snacks,Müsli-Cerealien,Alnatura Bio Schoko Hafer Crunchy 750G,"4,49 €","5,99 €/kg","inkl. MwSt., zzgl. 4.95 € Versandkosten.",lieferbar innerhalb von 2-5 Werktagen,2023-05-02 23:50:54.243717,Bio Hafer-Knusper-Müsli mit Schokolade,Hinweis zur Aufbewahrung: Bitte trocken lagern und vor Wärme schützen.,"Verantwortliches Lebensmittelunternehmen:
Alnatura GmbH, Mahatma-Ghandi-Str. 7, 64295 Darmstadt","Zutatenverzeichnis: HAFERVOLLKORNFLOCKEN* 54 %, Rohrohrzucker*, WEIZENVOLLKORNFLOCKEN* 9,8%, Sonnenblumenöl*, Reisextrudat* (Reismehl*, GERSTENMALZMEHL*, Meersalz), stark entöltes Kakaopulver* 2,9%, Kokosraspel*, Vollmilchschokolade* 1,2 % (Rohrohrzucker*, Kakaobutter*, VOLLMILCHPULVER*, Kakaomasse*), Zartbitterschokolade* 1,2% (Kakaomasse*, Rohrohrzucker*, Kakaobutter*), Meersalz. Kann Spuren von EI, SOJA, MANDEL, NÜSSEN und SESAM enthalten. *aus biologischer Landwirtschaft",1845,439,14,"3,2",64,21,10,"0,12",https://www.edeka24.de/Lebensmittel/Fruehstueck-Snacks/Muesli-Cerealien/Alnatura-Bio-Schoko-Hafer-Crunchy-750G.html,https://www.edeka24.de/out/pictures/generated/product/1/540_540_90/alnaturaschokohafercrunchy.jpg
1078,Lebensmittel,Frühstück & Snacks,Müsli-Cerealien,Alnatura Bio Reis Flocken 500G,"2,89 €","5,78 €/kg","inkl. MwSt., zzgl. 4.95 € Versandkosten.",lieferbar innerhalb von 2-5 Werktagen,2023-05-02 23:50:58.242863,-,"Hinweis zur Aufbewahrung: Bitte trocken lagern, vor Wärme schützen.","Verantwortliches Lebensmittelunternehmen:
Alnatura Produktions- und Handels GmbH, Mahatma-Gandhi-Str. 7, 64295 Darmstadt",Zutatenverzeichnis: Reisvollkornflocken*. *aus biologischer Landwirtschaft.,1491,352,"2,2","0,6","74,1","0,6","7,8","0,03",https://www.edeka24.de/Lebensmittel/Fruehstueck-Snacks/Muesli-Cerealien/Alnatura-Bio-Reis-Flocken-500G.html,https://www.edeka24.de/out/pictures/generated/product/1/540_540_90/alnatura_bio_reis_flocken_500_g.jpg
1079,Lebensmittel,Frühstück & Snacks,Müsli-Cerealien,Kölln Bio Haferflocken zart 500G,"2,39 €","4,78 €/kg","inkl. MwSt., zzgl. 4.95 € Versandkosten.",lieferbar innerhalb von 2-5 Werktagen,2023-05-02 23:51:02.051093,Bio-Haferflocken,Hinweis zur Aufbewahrung: Vor Wärme geschützt und trocken lagern.,"Verantwortliches Lebensmittelunternehmen:
Peter Kölln GmbH & Co. KGaA, 25333 Elmshorn, Deutschland",Zutatenverzeichnis: 100% Vollkorn-HAFER aus ökologischem Anbau,1534,364,"6,4","1,2",59,"1,2",13,0,https://www.edeka24.de/Lebensmittel/Fruehstueck-Snacks/Muesli-Cerealien/Koelln-Bio-Haferflocken-zart-500G.html,https://www.edeka24.de/out/pictures/generated/product/1/540_540_90/klln_bio_haferflocken_zart_500g.jpg
1080,Lebensmittel,Frühstück & Snacks,Müsli-Cerealien,Alnatura Bio Kinder Früchte Müsli 500G,"3,29 €","6,58 €/kg","inkl. MwSt., zzgl. 4.95 € Versandkosten.",lieferbar innerhalb von 2-5 Werktagen,2023-05-02 23:51:06.357233,Bio Müsli mit 66 % Getreidevollkornflocken und 22 % Trockenfrüchten,Hinweis zur Aufbewahrung: Bitte trocken lagern und vor Wärme schützen.,"Verantwortliches Lebensmittelunternehmen:
Alnatura GmbH, Mahatma-Gandhi-Straße 7, 64295 Darmstadt","Zutatenverzeichnis: HAFERVOLLKORNFLOCKEN*, Rosinen* geölt (Rosinen* 99,5%, Sonnenblumenöl*), DINKELVOLLKORNFLOCKEN*¹, Reis* gepufft, Aprikosen* getrocknet, Pflaumen* getrocknet, Äpfel* getrocknet, Erdbeeren* gefriergetrocknet, Reismehl* *aus biologischer Landwirtschaft ¹Dinkel ist eine Urweizenart . Kann Spuren von SOJA, MILCH, MANDEL, NÜSSEN und SESAM enthalten. Kann Kern- und Schalenbestandteile enthalten.",1520,360,"4,4","0,8",65,13,11,"0,02",https://www.edeka24.de/Lebensmittel/Fruehstueck-Snacks/Muesli-Cerealien/Alnatura-Bio-Kinder-Fruechte-Muesli-500G.html,https://www.edeka24.de/out/pictures/generated/product/1/540_540_90/bio_alnatura_kinder_framp252chte_mamp252sli_500g.jpg
1081,Lebensmittel,Frühstück & Snacks,Müsli-Cerealien,Alnatura Bio Waldbeere Hafer Crunchy 375G,"3,79 €","10,11 €/kg","inkl. MwSt., zzgl. 4.95 € Versandkosten.",lieferbar innerhalb von 2-5 Werktagen,2023-05-02 23:51:11.453548,Bio Hafer-Knusper-Müsli Waldfrucht mit Erdbeeren,Hinweis zur Aufbewahrung: Bitte trocken lagern und vor Wärme schützen.,"Verantwortliches Lebensmittelunternehmen:
Alnatura GmbH, Mahatma-Gandhi-Straße 7, 64295 Darmstadt","Zutatenverzeichnis: HAFERVOLLKORNFLOCKEN* 72%, Sonnenblumenöl*, Rohrohrzucker*, Maissirup*, Reisextrudat* (Reismehl*, GERSTENMALZMEHL*, Meersalz),Wald-/Erdbeermischung* gefriergetrocknet 2,5% (Himbeere*, Heidelbeere*, Erdbeere*, Brombeere*), Meersalz *aus biologischer Landwirtschaft . Kann Spuren von MILCH, MANDEL, NÜSSEN und SESAM enthalten.",1965,469,18,"1,9",63,17,"9,7","0,16",https://www.edeka24.de/Lebensmittel/Fruehstueck-Snacks/Muesli-Cerealien/Alnatura-Bio-Waldbeere-Hafer-Crunchy-375G.html,https://www.edeka24.de/out/pictures/generated/product/1/540_540_90/alnatura_bio_hafer_crunchy_waldbeere_375_g.jpg
1082,Lebensmittel,Frühstück & Snacks,Müsli-Cerealien,Kölln Cremig-zartes Hafer-Porridge Schoko 375G,"3,79 €","10,11 €/kg","inkl. MwSt., zzgl. 4.95 € Versandkosten.",lieferbar innerhalb von 2-5 Werktagen,2023-05-02 23:51:15.573304,Zarte und leicht lösliche Vollkorn-Haferflocken mit 14 % Vollmilchschokolade und 8 % Schokolade (Kakao: 40 % mindestens),Hinweis zur Aufbewahrung: Vor Wärme geschützt und trocken lagern. Innenbeutel nach dem Öffnen wieder gut verschließen.,"Verantwortliches Lebensmittelunternehmen:
Peter Kölln GmbH & Co. KGaA, 25333 Elmshorn, Deutschland","Zutatenverzeichnis: VOLLKORN-HAFERFLOCKEN (61%), lösliche VOLLKORN-HAFERFLOCKEN (14%), Zucker, Kakaomasse, Karamellsirup (3%), VOLLMILCHPULVER, Kakaobutter, SÜßMOLKENPULVER, fettarmes Kakaopulver, Emulgator Lecithine",1684,401,13,"6,3",57,15,10,"0,04",https://www.edeka24.de/Lebensmittel/Fruehstueck-Snacks/Muesli-Cerealien/Koelln-Cremig-zartes-Hafer-Porridge-Schoko-375G.html,https://www.edeka24.de/out/pictures/generated/product/1/540_540_90/klln_cremigzartes_haferporridge_schoko_375g.jpg
1083,Lebensmittel,Frühstück & Snacks,Müsli-Cerealien,Kölln Müsli Schoko 30% weniger Zucker 600G,"3,89 €","6,48 €/kg","inkl. MwSt., zzgl. 4.95 € Versandkosten.",lieferbar innerhalb von 2-5 Werktagen,2023-05-02 23:51:20.265130,Hafer-Vollkorn-Müsli mit 12 % Schokolade und 8 % Vollmilchschokolade,Hinweis zur Aufbewahrung: Vor Wärme geschützt und trocken lagern.,"Verantwortliches Lebensmittelunternehmen:
Peter Kölln KGaA, D-25333 Elmshorn","Zutatenverzeichnis: Vollkorn-HAFERFLOCKEN (66 %), Zucker, Kakaomasse, HAFER-Vollkornmehl (5 %), WEIZENMEHL, Karamellsirup, VOLLMILCHPULVER, Kakaobutter, fettarmes Kakaopulver, MAGERMILCHPULVER, Maisstärke, GERSTENMALZEXTRAKT, Speisesalz, Emulgator Lecithine",398,1672,"11,3","4,5","57,7","13,1","11,1","0,22",https://www.edeka24.de/Lebensmittel/Fruehstueck-Snacks/Muesli-Cerealien/Koelln-Muesli-Schoko-30-weniger-Zucker-600G.html,https://www.edeka24.de/out/pictures/generated/product/1/540_540_90/klln_msli_schoko_30_weniger_zucker_600_g.jpg
1084,Lebensmittel,Frühstück & Snacks,Müsli-Cerealien,Alnatura Bio Mini Dinkel Flakes ungesüßt 175G,"2,00 €","11,43 €/kg","inkl. MwSt., zzgl. 4.95 € Versandkosten.",lieferbar innerhalb von 2-5 Werktagen,2023-05-02 23:51:23.793160,"Bio Dinkelflakes, gewalzt",Hinweis zur Aufbewahrung: Bitte trocken lagern und vor Wärme schützen.,"Verantwortliches Lebensmittelunternehmen:
Alnatura Produktions- und Handels GmbH, Mahatma-Gandhi-Str. 7, 64295 Darmstadt","Zutatenverzeichnis: DINKEL*. Kann Spuren von SOA, MILCH, MANDEL, NÜSSEN und SESAM enthalten. *aus biologischer Landwirtschaft",1600,378,"2,1","0,3",72,"0,7",13,"0,01",https://www.edeka24.de/Lebensmittel/Fruehstueck-Snacks/Muesli-Cerealien/Alnatura-Bio-Mini-Dinkel-Flakes-ungesuesst-175G.html,https://www.edeka24.de/out/pictures/generated/product/1/540_540_90/bio_alnatura_mini_dinkelflakes_ungesamp252amp223t_175g.jpg
1085,Lebensmittel,Frühstück & Snacks,Müsli-Cerealien,Kölln Knusprige Haferfleks Honig 750G,"4,99 €","6,65 €/kg","inkl. MwSt., zzgl. 4.95 € Versandkosten.",lieferbar innerhalb von 2-5 Werktagen,2023-05-02 23:51:27.379675,Knusprige Vollkorn-Hafercerealie mit Honig,Hinweis zur Aufbewahrung: Vor Wärme geschützt und trocken lagern. Beutel nach dem Öffnen wieder gut verschließen.,"Verantwortliches Lebensmittelunternehmen:
Peter Kölln GmbH & Co. KGaA, 25333 Elmshorn, Deutschland","Zutatenverzeichnis: VOLLKORN-HAFERMEHL (69 %), Zucker, Dextrose, WEIZENMEHL, Maisstärke, Honig (3 %), Glukosesirup, Speisesalz. Kann SCHALENFRÜCHTE und MILCH enthalten.",1641,388,"4,4","0,9",73,26,11,1,https://www.edeka24.de/Lebensmittel/Fruehstueck-Snacks/Muesli-Cerealien/Koelln-Knusprige-Haferfleks-Honig-750G.html,https://www.edeka24.de/out/pictures/generated/product/1/540_540_90/kamp246lln_knusprige_haferfleks_honig_750g.jpg
1086,Lebensmittel,Frühstück & Snacks,Müsli-Cerealien,Kölln Müsli Knusper Honig-Nuss 500G,"3,89 €","7,78 €/kg","inkl. MwSt., zzgl. 4.95 € Versandkosten.",lieferbar innerhalb von 2-5 Werktagen,2023-05-02 23:51:32.231972,Knuspriges Vollkorn-Getreideerzeugnis mit Honig und Nusskernen,Hinweis zur Aufbewahrung: Vor Wärme geschützt und trocken lagern.,"Verantwortliches Lebensmittelunternehmen:
Peter Kölln KGaA, D-25333 Elmshorn","Zutatenverzeichnis: Vollkorn-HAFERFLOCKEN (51%), Zucker, Palmöl, NUSSKERNMISCHUNG (7 %) (CASHEWKERNSTÜCK, gehobelte MANDELN, gehackte HASELNUSSKERNE), WEIZENMEHL, Vollkorn-WEIZENflocken (6 %), Glukose-Fructose-Sirup, Honig (2 %), HAFER-Vollkornmehl (2 %), GERSTENmalzextrakt, Speisesalz, Aroma",1904,454,18,"5,4",61,19,"9,9","0,41",https://www.edeka24.de/Lebensmittel/Fruehstueck-Snacks/Muesli-Cerealien/Koelln-Muesli-Knusper-Honig-Nuss-500G.html,https://www.edeka24.de/out/pictures/generated/product/1/540_540_90/klln_msli_knusper_honignuss_500_g.jpg
1087,Lebensmittel,Frühstück & Snacks,Müsli-Cerealien,Dr.Oetker Vitalis Knusper Himbeer weniger süß 425G,"3,99 €","9,39 €/kg","inkl. MwSt., zzgl. 4.95 € Versandkosten.",lieferbar innerhalb von 2-5 Werktagen,2023-05-02 23:51:36.507098,-,Hinweis zur Aufbewahrung: Bitte den Innenbeutel nach dem Öffnen wieder gut verschließen.,"Verantwortliches Lebensmittelunternehmen:
DR. AUGUST OETKER NAHRUNGSMITTEL KG, 33547 Bielefeld","Zutatenverzeichnis: 54% Vollkorn-HAFERFLOCKEN, Palmöl, Zucker, Oligofruktose, 7,8% getrocknete WEIZENKEIME, Reismehl, Glukosesirup, WEIZENVOLLKORNMEHL, 2,4% gefriergetrocknete Himbeerstücke, 1,5% Honig, WEIZENMEHL, Salz, getrockneter GERSTENMALZEXTRAKT, MAGERMILCHPULVER, Aroma, Kann enthalten: (SCHALENFRÜCHTE (NÜSSE))",435,1822,15,"5,1",57,14,11,"0,86",https://www.edeka24.de/Lebensmittel/Fruehstueck-Snacks/Muesli-Cerealien/Dr-Oetker-Vitalis-Knusper-Himbeer-weniger-suess-425G.html,https://www.edeka24.de/out/pictures/generated/product/1/540_540_90/oevitalis_himbeere_wsue425g.jpg
1088,Lebensmittel,Frühstück & Snacks,Müsli-Cerealien,Alnatura Bio Zartbitter Hafer Crunchy 375G,"3,29 €","8,77 €/kg","inkl. MwSt., zzgl. 4.95 € Versandkosten.",lieferbar innerhalb von 2-5 Werktagen,2023-05-02 23:51:41.129219,Bio Hafer-Knusper-Müsli mit Zartbitter-Schokolade,Hinweis zur Aufbewahrung: Bitte trocken lagern und vor Wärme schützen.,"Verantwortliches Lebensmittelunternehmen:
Alnatura GmbH, Mahatma-Gandhi-Straße 7, 64295 Darmstadt","Zutatenverzeichnis: HAFERVOLLKORNFLOCKEN* 66%, Rohrohrzucker*, Sonnenblumenöl*, Zartbitter- Schokolade* 4,9% (Kakaomasse*, Rohrohrzucker*, Kakaobutter*), Kakaopulver* 4%, Reisextrudat* (Reismehl*, GERSTENMALZMEHL*, Meersalz), Kokosraspel*, Meersalz *aus biologischer Landwirtschaft . Kann Spuren von MILCH, MANDEL, NÜSSEN und SESAM enthalten.",1940,463,18,"3,8",61,20,"9,9","0,18",https://www.edeka24.de/Lebensmittel/Fruehstueck-Snacks/Muesli-Cerealien/Alnatura-Bio-Zartbitter-Hafer-Crunchy-375G.html,https://www.edeka24.de/out/pictures/generated/product/1/540_540_90/alnatura_bio_hafer_crunchy_schoko_feinherb_375_g.jpg
1089,Lebensmittel,Frühstück & Snacks,Müsli-Cerealien,Nestle Lion Cereals 400G,"3,99 €","9,98 €/kg","inkl. MwSt., zzgl. 4.95 € Versandkosten.",lieferbar innerhalb von 2-5 Werktagen,2023-05-02 23:51:46.047984,Geröstete Getreidekost mit Karamellcreme und Schokolade,Hinweis zur Aufbewahrung: Trocken lagern. Vor Wärme schützen.,"Verantwortliches Lebensmittelunternehmen:
C.P.D. Cereal Partners Deutschland GmbH & Co. OHG, D-60523 Frankfurt am Main","Zutatenverzeichnis: Getreide (38,9% VOLLKORNWEIZENMEHL, WEIZENMEHL, Reismehl), Zucker, Glukosesirup, 6,3% Karamellcreme [gezuckerte Kondensmilch (VOLLMILCH, Zucker, MILCHZUCKER), Zucker, Glukosesirup, Karamellzuckersirup, Salz], Sonnenblumenöl, 4,1% Schokolade (Zucker, Kakaopulver, Kakaomasse, fettarmer Kakao), Vitamine und Mineralstoffe (Calciumcarbonat, Niacin, Pantothensäure, Eisen, Vit. D, Vit. B6, Thiamin [Vit. B1], Riboflavin [Vit. B2], Folsäure), Salz, natürliche Aromen, Emulgator Lecithine, Karamellzuckersirup. Kann ERDNÜSSE und NÜSSE enthalten.",409,1728,"7,3","1,3",76,29,"7,5","0,49",https://www.edeka24.de/Lebensmittel/Fruehstueck-Snacks/Muesli-Cerealien/Nestle-Lion-Cereals-400G.html,https://www.edeka24.de/out/pictures/generated/product/1/540_540_90/nestlelioncerealskarschok.jpg
1090,Lebensmittel,Frühstück & Snacks,Müsli-Cerealien,Alnatura Bio Knusper Bär 375G,"2,79 €","7,44 €/kg","inkl. MwSt., zzgl. 4.95 € Versandkosten.",lieferbar innerhalb von 2-5 Werktagen,2023-05-02 23:51:50.723240,"Bio Müsli mit Getreidevollkornflocken, Cornflakes und gepufftem Getreide, teils schokoliert",Hinweis zur Aufbewahrung: Bitte trocken lagern und vor Wärme schützen.,"Verantwortliches Lebensmittelunternehmen:
Alnatura GmbH, Mahatma-Gandhi-Straße 7, 64295 Darmstadt","Zutatenverzeichnis: HAFERVOLLKORNFLOCKEN* 43 %, DINKELVOLLKORNFLOCKEN*¹ 19 %, Cornflakes* 9,8 % (Mais*, Trennmittel: Lecithin*), WEIZENVOLLKORNFLOCKEN* 9,4 %, Vollmilchschokolade* 6,8 % (Rohrohrzucker*, Kakaobutter*, VOLLMILCHPULVER*, Kakaomasse*), Honig*, DINKEL*¹ gepufft 3 %, Reis* gepufft 1,9 %, Himbeeren* gefriergetrocknet, Sonnenblumenöl*, Zartbitterschokolade* (Kakaomasse*, Rohrohrzucker*, Kakaobutter*) Ceylon-Zimt*. kann Spuren von SOJA, MANDEL, NÜSSEN und SESAM enthalten. *aus biologischer Landwirtschaft ¹Dinkel ist eine Urweizenart",1622,385,"7,9","2,7",62,"7,4",12,"0,02",https://www.edeka24.de/Lebensmittel/Fruehstueck-Snacks/Muesli-Cerealien/Alnatura-Bio-Knusper-Baer-375G.html,https://www.edeka24.de/out/pictures/generated/product/1/540_540_90/alnatura_bio_knusper_br_msli.jpg
1091,Lebensmittel,Frühstück & Snacks,Müsli-Cerealien,Kölln Müsli Knusper Schoko-Karamell 500G,"3,89 €","7,78 €/kg","inkl. MwSt., zzgl. 4.95 € Versandkosten.",lieferbar innerhalb von 2-5 Werktagen,2023-05-02 23:51:55.083849,Knuspriges Vollkorn-Getreideerzeugnis mit 6 % Schokolade (Kakao: 40 % mindestens) und 4 % Karamellstückchen,Hinweis zur Aufbewahrung: Vor Wärme geschützt und trocken lagern.,"Verantwortliches Lebensmittelunternehmen:
Peter Kölln KGaA, D-25333 Elmshorn","Zutatenverzeichnis: Vollkorn-HAFERFLOCKEN (51%), Zucker, Palmöl, Vollkorn-WEIZENFLOCKEN (6 %), WEIZENMEHL, Glukose-Fruktose-Sirup, Kakaomasse, HAFER-Vollkornmehl (2 %), Karamellsirup, BUTTER, VOLLMILCHPULVER, Kakaobutter, fettarmes Kakaopulver, MAGERMILCHPULVER, SÜßMOLKENPULVER, Gerstenmalzextrakt, Maisstärke, Speisesalz, Emulgator Lecithine, natürliches Aroma",449,1886,16,6,63,"21,1","9,5","0,43",https://www.edeka24.de/Lebensmittel/Fruehstueck-Snacks/Muesli-Cerealien/Koelln-Muesli-Knusper-Schoko-Karamell-500G.html,https://www.edeka24.de/out/pictures/generated/product/1/540_540_90/klln_msli_knusper_schokokaramell_500_g.jpg
1092,Lebensmittel,Frühstück & Snacks,Müsli-Cerealien,Alnatura Bio Nuss Müsli 375G,"3,19 €","8,51 €/kg","inkl. MwSt., zzgl. 4.95 € Versandkosten.",lieferbar innerhalb von 2-5 Werktagen,2023-05-02 23:51:59.810244,-,Hinweis zur Aufbewahrung: Bitte trocken lagern und vor Wärme schützen.,"Verantwortliches Lebensmittelunternehmen:
Alnatura Produktions- und Handels GmbH, Mahatma-Gandhi-Str. 7, 64295 Darmstadt","Zutatenverzeichnis: WEIZENVOLLKORNFLOCKEN* 33 %, ROGGENVOLLKORNFLOCKEN* 15 %, HAFERVOLLKORNFLOCKEN* 13 %, GERSTENVOLLKORNFLOCKEN* 11 %, Mandelkrokant* 8,8 % (MANDELN* 84 %, Rohrohrzucker*, Honig*), HASELNÜSSE* geröstet 4,3 %, Cornflakes* (Mais*, Trennmittel: Lecithin*), Honig*, MANDELN* geröstet 2,6 %, CASHEWNÜSSE* geröstet 2,3 %, Sonnenblumenkerne*, Buchweizen*, Sonnenblumenöl*, Rohrohrzucker*, Ceylon-Zimt*. Kann Spuren von SOJA, MILCH, anderen NÜSSEN und SESAM enthalten. *aus biologischer Landwirtschaft",1646,392,12,"1,3",54,"5,9",12,"0,01",https://www.edeka24.de/Lebensmittel/Fruehstueck-Snacks/Muesli-Cerealien/Alnatura-Bio-Nuss-Muesli-375G.html,https://www.edeka24.de/out/pictures/generated/product/1/540_540_90/alnatura_bio_nuss_msli_375_g.jpg
1093,Lebensmittel,Frühstück & Snacks,Müsli-Cerealien,Alnatura Bio Hafer-Dinkel Porridge Basis 500G,"3,79 €","7,58 €/kg","inkl. MwSt., zzgl. 4.95 € Versandkosten.",lieferbar innerhalb von 2-5 Werktagen,2023-05-02 23:52:04.196123,-,Hinweis zur Aufbewahrung: Bitte trocken lagern und vor Wärme schützen.,"Verantwortliches Lebensmittelunternehmen:
Alnatura Produktions- und Handels GmbH, Mahatma-Gandhi-Str. 7, 64295 Darmstadt","Zutatenverzeichnis: HAFERVOLLKORNFLOCKEN* 64%, DINKELVOLLKORNFLOCKEN*¹ 18%,Reis gepufft*, Leinsaat* braun geschrotet, Erdmandeln* gemahlen 2%, MANDELN* geschält und gehackt 2%,Amaranth* gepufft 2%, HASELNÜSSE* geröstet und gehackt 1%,Bourbon-Vanille* gemahlen. Kann Spuren von anderen NÜSSEN, MILCH, SOJA und SESAM enthalten. *aus biologischer Landwirtschaft ¹DINKEL IST EINE URWEIZENART.",1601,380,"8,5","1,5",58,"1,3",13,"0,04",https://www.edeka24.de/Lebensmittel/Fruehstueck-Snacks/Muesli-Cerealien/Alnatura-Bio-Hafer-Dinkel-Porridge-Basis-500G.html,https://www.edeka24.de/out/pictures/generated/product/1/540_540_90/alnatura_bio_frhstcksbrei_haferbrei_basis_500g.jpg
1094,Lebensmittel,Frühstück & Snacks,Müsli-Cerealien,Kölln Müsli Knusper Schoko Feinherb 30% weniger Fett 500G,"3,89 €","7,78 €/kg","inkl. MwSt., zzgl. 4.95 € Versandkosten.",lieferbar innerhalb von 2-5 Werktagen,2023-05-02 23:52:08.603087,Knuspriges Vollkorn-Getreideerzeugnis mit 4% Arriba-Edelschokolade (Kakao: 50% mindestens),Hinweis zur Aufbewahrung: Vor Wärme geschützt und trocken lagern.,"Verantwortliches Lebensmittelunternehmen:
Peter Kölln KGaA, D-25333 Elmshorn","Zutatenverzeichnis: HAFERVOLLKORNFLOCKEN (33 %), WEIZENVOLLKORNFLOCKEN (29 %), Zucker, WEIZENMEHL, Palmöl, Glukose-Fruktose-Sirup, fettarmes Kakaopulver (2,5%), Kakaomasse, HAFER-Vollkornmehl (2 %), Kakaobutter, MAGERMILCHPULVER, GERSTENMALZEXTRAKT, Speisesalz, Emulgator Lecithine, Aroma",1722,409,"10,2",4,"64,1","20,3","10,5","0,47",https://www.edeka24.de/Lebensmittel/Fruehstueck-Snacks/Muesli-Cerealien/Koelln-Muesli-Knusper-Schoko-Feinherb-30-weniger-Fett-500G.html,https://www.edeka24.de/out/pictures/generated/product/1/540_540_90/klln_msli_knusper_schoko_feinherb_30_weniger_fett_500_g.jpg
1095,Lebensmittel,Frühstück & Snacks,Müsli-Cerealien,Weetabix Protein 440G,"4,79 €","10,89 €/kg","inkl. MwSt., zzgl. 4.95 € Versandkosten.",lieferbar innerhalb von 2-5 Werktagen,2023-05-02 23:52:12.497167,Vollkorn-Getreide mit knusprigen Stücken und zugesetzten Vitaminen und Eisen,"Hinweis zur Aufbewahrung: An einem kühlen trockenen Ort, geruchsfrei aufbewahren.","Verantwortliches Lebensmittelunternehmen:
Genuport Trade GmbH, D-22848 Norderstedt","Zutatenverzeichnis: Vollkorn-WEIZEN (86%), WEIZENGLUTEN, Zucker, GERSTENMALZEXTRAKT, Reismehl, WEIZENSTÄRKE, WEIZENKEIME, Kakaopulver, Salz, Niacin, Eisensulfat, Riboflavin (B2), Thiamin (B1), Folsäure, Vitamin D.",360,1524,"1,9","0,4",62,"4,8",19,"0,23",https://www.edeka24.de/Lebensmittel/Fruehstueck-Snacks/Muesli-Cerealien/Weetabix-Protein-440G.html,https://www.edeka24.de/out/pictures/generated/product/1/540_540_90/3677-wtb-protein-original-440g.jpg
1096,Lebensmittel,Frühstück & Snacks,Müsli-Cerealien,Kölln Müsli Knusper Schoko & Keks Kakao 500G,"3,89 €","7,78 €/kg","inkl. MwSt., zzgl. 4.95 € Versandkosten.",lieferbar innerhalb von 2-5 Werktagen,2023-05-02 23:52:16.143790,Knuspriges Vollkorn-Getreideerzeugnis mit 7 % weißer Schokolade und 5 % Kakaokeksen,Hinweis zur Aufbewahrung: Vor Wärme geschützt und trocken lagern.,"Verantwortliches Lebensmittelunternehmen:
Peter Kölln KGaA, D-25333 Elmshorn","Zutatenverzeichnis: Vollkorn-HAFERFLOCKEN (47%), Zucker, Palmöl, WEIZENMEHL, Glukose-Fruktose-Sirup, Vollkorn-WEIZENFLOCKEN (4%), fettarmes Kakaopulver (3%), HAFER-Vollkornmehl (2%), Kakaobutter, VollMILCHpulver, MAGERMILCHPULVER, SÜßMOLKENPULVER, BUTTER, WEIZENSTÄRKE, GERSTENMALZEXTRAKT, Backtriebmittel Natriumhydrogencarbonat, Säureregulator Calciumcarbonat, Speisesalz, Emulgator Lecithine, natürliches Aroma",1884,449,17,"6,8",63,22,"8,7","0,44",https://www.edeka24.de/Lebensmittel/Fruehstueck-Snacks/Muesli-Cerealien/Koelln-Muesli-Knusper-Schoko-Keks-Kakao-500G.html,https://www.edeka24.de/out/pictures/generated/product/1/540_540_90/klln_msli_knusper_schoko_amp_keks_kakao_500_g.jpg
1097,Lebensmittel,Frühstück & Snacks,Müsli-Cerealien,Kölln Knusper Klassik Hafer-Müsli 50% weniger Zucker 500G,"3,89 €","7,78 €/kg","inkl. MwSt., zzgl. 4.95 € Versandkosten.",lieferbar innerhalb von 2-5 Werktagen,2023-05-02 23:52:19.596462,"Knusper-Vollkorn-Müsli mit Vanille-Note, zuckerreduziert",Hinweis zur Aufbewahrung: Vor Wärme geschützt und trocken lagern.,"Verantwortliches Lebensmittelunternehmen:
Peter Kölln GmbH & Co. KGaA, Westerst. 22-24, 25336 Elmshorn","Zutatenverzeichnis: VOLLKORN-HAFERFLOCKEN (61%), Oligofruktose, Palmöl, VOLLKORN-WEIZENFLOCKEN (6%), WEIZENMEHL, Zucker, VOLLKORN-HAFERMEHL (3%), Glukose-Fruktose-Sirup, GERSTENMALZEXTRAKT, Speisesalz, natürliches Aroma. Kann SCHALENFRÜCHTE und MILCH enthalten",1815,434,17,"5,9",52,8,"9,9","0,42",https://www.edeka24.de/Lebensmittel/Fruehstueck-Snacks/Muesli-Cerealien/Koelln-Knusper-Klassik-Hafer-Muesli-50-weniger-Zucker-500G.html,https://www.edeka24.de/out/pictures/generated/product/1/540_540_90/kamp246lln_knusper_klassik_hafermamp252sli_50_weniger_zucker_500g.jpg
1098,Lebensmittel,Frühstück & Snacks,Müsli-Cerealien,Kölln Balance Haferkleie Flocken 250G,"3,19 €","12,76 €/kg","inkl. MwSt., zzgl. 4.95 € Versandkosten.",lieferbar innerhalb von 2-5 Werktagen,2023-05-02 23:52:22.698732,-,Hinweis zur Aufbewahrung: Vor Wärme geschützt und trocken lagern.,"Verantwortliches Lebensmittelunternehmen:
Peter Kölln KGaA, D-25333 Elmshorn",Zutatenverzeichnis: 100% HAFERKLEIE,1470,350,8,"1,6","41,2",1,19,"0,01",https://www.edeka24.de/Lebensmittel/Fruehstueck-Snacks/Muesli-Cerealien/Koelln-Balance-Haferkleie-Flocken-250G.html,https://www.edeka24.de/out/pictures/generated/product/1/540_540_90/klln_balance_haferkleie_flocken_250_g.jpg
1099,Lebensmittel,Frühstück & Snacks,Müsli-Cerealien,Kölln Müsli Knusper Klassik 600G,"3,89 €","6,48 €/kg","inkl. MwSt., zzgl. 4.95 € Versandkosten.",lieferbar innerhalb von 2-5 Werktagen,2023-05-02 23:52:26.041139,Knuspriges Vollkorn-Getreideerzeugnis mit Vanille-Note.,Hinweis zur Aufbewahrung: Vor Wärme geschützt und trocken lagern.,"Verantwortliches Lebensmittelunternehmen:
Peter Kölln KGaA, D-25333 Elmshorn","Zutatenverzeichnis: HAFERVOLLKORNFLOCKEN (56%), Zucker, Palmöl, WEIZENMEHL, WEIZENVOLLKORNFLOCKEN (7%), Glukose-Fruktose-Sirup, HAFERVOLLKORNMEHL (2 %), GERSTENMALZEXTRAKT, Speisesalz, Aroma.",1855,442,"15,2","5,5","64,4","18,5","8,4","0,42",https://www.edeka24.de/Lebensmittel/Fruehstueck-Snacks/Muesli-Cerealien/Koelln-Muesli-Knusper-Klassik-600G.html,https://www.edeka24.de/out/pictures/generated/product/1/540_540_90/klln_msli_knusper_klassik_600g.jpg
1100,Lebensmittel,Frühstück & Snacks,Müsli-Cerealien,Dr.Oetker Vitalis Früchtemüsli 500G,"2,99 €","5,98 €/kg","inkl. MwSt., zzgl. 4.95 € Versandkosten.",lieferbar innerhalb von 2-5 Werktagen,2023-05-02 23:52:29.561611,-,,"Verantwortliches Lebensmittelunternehmen:
DR. AUGUST OETKER NAHRUNGSMITTEL KG, 33547 Bielefeld","Zutatenverzeichnis: 27% Vollkorn-HAFERFLOCKEN, Rosinen, getrocknete Birnenstücke, 11% Vollkorn-WEIZENFLOCKEN, 9,5% Vollkorn-GERSTENFLOCKEN, gezuckerte Cranberrys (Cranberrys, Zucker), getrocknete Pfirsichstücke, WEIZENFLAKES (WEIZEN, Zucker, Salz, GERSTENMALZEXTRAKT), Cornflakes (Mais, Zucker, Salz, GERSTENMALZEXTRAKT), getrocknete und gezuckerte Papayastücke (getrocknete Papayawürfel, Zucker), getrocknete Pflaumenstücke, getrocknete Apfelstücke (Apfel, Säuerungsmittel (Citronensäure), Antioxidationsmittel (Ascorbinsäure)), Reismehl. Kann enthalten: (SCHALENFRÜCHTE (NÜSSE))",341,1439,"2,8","0,6",65,27,"7,1","0,23",https://www.edeka24.de/Lebensmittel/Fruehstueck-Snacks/Muesli-Cerealien/Dr-Oetker-Vitalis-Fruechtemuesli-500G.html,https://www.edeka24.de/out/pictures/generated/product/1/540_540_90/oetkvitfruechtemuesli_500g.jpg
1101,Lebensmittel,Frühstück & Snacks,Müsli-Cerealien,Dr.Oetker Vitalis Schoko Duo Müsli 500G,"2,99 €","5,98 €/kg","inkl. MwSt., zzgl. 4.95 € Versandkosten.",lieferbar innerhalb von 2-5 Werktagen,2023-05-02 23:52:32.779954,Schoko Duo Müsli mit Vollmilch- und weißer Schokolade,Hinweis zur Aufbewahrung: Bitte den Innenbeutel nach dem Öffnen wieder gut verschließen.,"Verantwortliches Lebensmittelunternehmen:
Dr. August Oetker Nahrungsmittel KG, Lutterstraße 14, D-33617 Bielefeld","Zutatenverzeichnis: 47% Vollkorn-HAFERFLOCKEN, 12% Vollkorn-GERSTENFLOCKEN, 12% weiße Schokolade (Zucker, Kakaobutter, VOLLMILCHPULVER, Emulgator (Lecithine)), 10% VOLLMILCHSCHOKOLADE (Zucker, VOLLMILCHPULVER, Kakaomasse, Kakaobutter, SÜSSMOLKENPULVER, Emulgator (Lecithine), Aroma Vanillin), Zucker, Palmöl, 2,0% karamellisierte und aromatisierte MANDELSTÜCKCHEN (55% MANDELSTÜCKE, Zucker, Palmfett, Glukosesirup, Karamellzuckersirup, Aroma), Glukosesirup, Reismehl, 1,1% fettarmer Kakao, WEIZENVOLLKORNMEHL, WEIZENMEHL, getrocknete WEIZENKEIME, getrockneter GERSTENMALZEXTRAKT, MAGERMILCHPULVER, Salz, Karamellzuckersirup, Kann Spuren von weiteren SCHALENFRÜCHTEN (NÜSSEN) enthalten",432,1816,15,"6,4",62,24,"9,4","0,14",https://www.edeka24.de/Lebensmittel/Fruehstueck-Snacks/Muesli-Cerealien/Dr-Oetker-Vitalis-Schoko-Duo-Muesli-500G.html,https://www.edeka24.de/out/pictures/generated/product/1/540_540_90/droetker_vitalis_schoko_duo_msli.jpg
1102,Lebensmittel,Frühstück & Snacks,Müsli-Cerealien,Alnatura Bio Dinkel Crunchy 750G,"4,49 €","5,99 €/kg","inkl. MwSt., zzgl. 4.95 € Versandkosten.",lieferbar innerhalb von 2-5 Werktagen,2023-05-02 23:52:36.141201,Bio Dinkel-Knusper-Müsli,Hinweis zur Aufbewahrung: Bitte trocken lagern und vor Wärme schützen.,"Verantwortliches Lebensmittelunternehmen:
Alnatura GmbH, Mahatma-Gandhi-Straße 7, 64295 Darmstadt","Zutatenverzeichnis: DINKELVOLLKORNFLOCKEN*¹ 69%, Rohrohrzucker*, Sonnenblumenöl*, Maissirup*, Reisextrudat* (Reismehl*, GERSTENMALZMEHL*, Meersalz), DINKELVOLLKORNMEHL*¹ 4%, Meersalz *aus biologischer Landwirtschaft ¹Dinkel ist eine Urweizenart. Kann Spuren von NÜSSEN, MANDELN, MILCH und SESAM enthalten.",1854,441,13,"1,1",68,18,10,"0,23",https://www.edeka24.de/Lebensmittel/Fruehstueck-Snacks/Muesli-Cerealien/Alnatura-Bio-Dinkel-Crunchy-750G.html,https://www.edeka24.de/out/pictures/generated/product/1/540_540_90/alnatura_bio_dinkel_crunchy_750_g.jpg
1103,Lebensmittel,Frühstück & Snacks,Müsli-Cerealien,Kellogg's Special K Crunchy Oat Granola Mixed Berries 320G,"3,49 €","10,91 €/kg","inkl. MwSt., zzgl. 4.95 € Versandkosten.",lieferbar innerhalb von 2-5 Werktagen,2023-05-02 23:52:39.339623,"Knuspriges Hafer-, Weizen- und Gerstengranola mit gefriergetrockneten Früchten",Hinweis zur Aufbewahrung: Kühl und trocken lagern.,"Verantwortliches Lebensmittelunternehmen:
Kellogg Europe Trading Limited, Three, Dublin Airport Central, Dublin Airport, Dublin Ireland","Zutatenverzeichnis: VOLLKORNHAFER (71%), Zucker, Sonnenblumenöl, WEIZENMEHL (6.5%), Maisfaser, Glukosesirup, gepuffter GERSTE (2.5%), gefriergetrocknete Früchte (2.5%)(schwarze Johannisbeeren, Cranberry), Emulgator (SOJALECITHINE), natürliches Gewürzaroma, natürliches Aroma, GERSTENMALZ.",1895,451,14,"1,9",67,11,"9,3","0,01",https://www.edeka24.de/Lebensmittel/Fruehstueck-Snacks/Muesli-Cerealien/Kellogg-s-Special-K-Crunchy-Oat-Granola-Mixed-Berries-320G.html,https://www.edeka24.de/out/pictures/generated/product/1/540_540_90/kelloggsgranolaberries.jpg
1104,Lebensmittel,Frühstück & Snacks,Müsli-Cerealien,Alnatura Bio Dinkel Flakes 200G,"2,19 €","10,95 €/kg","inkl. MwSt., zzgl. 4.95 € Versandkosten.",lieferbar innerhalb von 2-5 Werktagen,2023-05-02 23:52:42.600828,-,Hinweis zur Aufbewahrung: Bitte trocken lagern und vor Wärme schützen.,"Verantwortliches Lebensmittelunternehmen:
Alnatura Produktions- und Handels GmbH, Mahatma-Gandhi-Str. 7, 64295 Darmstadt","Zutatenverzeichnis: DINKELVOLLKORNMEHL* 86%, Rübenzucker*, GERSTENMALZMEHL*, Meersalz *aus biologischer Landwirtschaft . Kann Spuren von SOJA, MILCH, MANDEL, NÜSSEN und SESAM enthalten.",1527,361,"2,4","0,2",68,11,13,"1,9",https://www.edeka24.de/Lebensmittel/Fruehstueck-Snacks/Muesli-Cerealien/Alnatura-Bio-Dinkel-Flakes-200G.html,https://www.edeka24.de/out/pictures/generated/product/1/540_540_90/bio_alnatura_dinkel_flakes_200g.jpg
1105,Lebensmittel,Frühstück & Snacks,Müsli-Cerealien,Alnatura Bio Maxi Müsli 1KG,"4,29 €","4,29 €/kg","inkl. MwSt., zzgl. 4.95 € Versandkosten.",lieferbar innerhalb von 2-5 Werktagen,2023-05-02 23:52:46.381317,"Bio Müsli mit 68 % Getreidevollkornflocken, 16 % Sultaninen und 5 % Haselnüssen",Hinweis zur Aufbewahrung: Bitte trocken lagern und vor Wärme schützen.,"Verantwortliches Lebensmittelunternehmen:
Alnatura Produktions- und Handels GmbH, Mahatma-Gandhi-Str. 7, 64295 Darmstadt","Zutatenverzeichnis: HAFERVOLLKORNFLOCKEN*, GERSTENVOLLKORNFLOCKEN*, WEIZENVOLLKORNFLOCKEN*,ROGGENVOLLKORNFLOCKEN*, Sultaninen* getrocknet und geölt (Sultaninen*99,5%, Sonnenblumenöl*), HASELNÜSSE* geröstet, Sonnenblumenkerne*,SESAM* geröstet, Buchweizen* geröstet, Leinsamen**aus biologischerLandwirtschaft. Kann Spuren von EEDNUSS, SOJA, MILCH, MANDEL, NÜSSEN und LUPINE enthalten.",1543,367,9,"1,1",55,12,11,"0,03",https://www.edeka24.de/Lebensmittel/Fruehstueck-Snacks/Muesli-Cerealien/Alnatura-Bio-Maxi-Muesli-1KG.html,https://www.edeka24.de/out/pictures/generated/product/1/540_540_90/bio_alnatura_maximamp252sli_1kg.jpg
1106,Lebensmittel,Frühstück & Snacks,Müsli-Cerealien,Kölln Müsli Nuss & Krokant 500G,"3,89 €","7,78 €/kg","inkl. MwSt., zzgl. 4.95 € Versandkosten.",lieferbar innerhalb von 2-5 Werktagen,2023-05-02 23:52:50.189847,"Hafer-Vollkorn-Müsli mit 7% Nusskernen, 5% Nuss-Krokant sowie 6% Sonnenblumen- und Kürbiskernen",Hinweis zur Aufbewahrung: Vor Wärme geschützt und trocken lagern.,"Verantwortliches Lebensmittelunternehmen:
Peter Kölln KGaA, D-25333 Elmshorn","Zutatenverzeichnis: Vollkorn-HAFERFLOCKEN (67 %), NUSSMISCHUNG (CASHEWNÜSSE, PEKANNUSSSTÜCKE (2 %), gehobelte MANDELN), HAFER-Vollkornmehl (6 %), WEIZENFLAKES, Sonnenblumenkerne, Zucker, Kürbiskerne (2 %), Karamellsirup, gestiftelte Mandeln, gehackte HASELNÜSSE, WEIZENMEHL, GERSTENMALZEXTRAKT, Maisstärke, Dextrose, Speisesalz",1704,406,13,"1,8","56,8","7,7","11,6","0,1",https://www.edeka24.de/Lebensmittel/Fruehstueck-Snacks/Muesli-Cerealien/Koelln-Muesli-Nuss-Krokant-500G.html,https://www.edeka24.de/out/pictures/generated/product/1/540_540_90/klln_msli_nuss_amp_krokant_500_g.jpg
1107,Lebensmittel,Frühstück & Snacks,Müsli-Cerealien,Dr.Oetker Vitalis Knusper Schoko Müsli weniger süß 500G,"2,99 €","5,98 €/kg","inkl. MwSt., zzgl. 4.95 € Versandkosten.",lieferbar innerhalb von 2-5 Werktagen,2023-05-02 23:52:53.596358,-,Hinweis zur Aufbewahrung: Bitte den Innenbeutel nach dem Öffnen wieder gut verschließen.,"Verantwortliches Lebensmittelunternehmen:
DR. AUGUST OETKER NAHRUNGSMITTEL KG, 33547 Bielefeld","Zutatenverzeichnis: 55% Vollkorn-HAFERFLOCKEN, Palmöl, Oligofruktose, WEIZENKEIME, Zucker, Reismehl, Glukosesirup, 5,0% VOLLMILCHSCHOKOLADE (Zucker, VOLLMILCHPULVER, Kakaomasse, Kakaobutter, SÜSSMOLKENPULVER, Emulgator (Lecithine)), WEIZENVOLLKORNMEHL, 2,4% fettarmes Kakaopulver, Salz, getrockneter GERSTENMALZEXTRAKT, MAGERMILCHPULVER, Aroma, Kann enthalten: (SCHALENFRÜCHTE (NÜSSE))",1824,435,15,"5,3",57,14,11,"0,75",https://www.edeka24.de/Lebensmittel/Fruehstueck-Snacks/Muesli-Cerealien/Dr-Oetker-Vitalis-Knusper-Schoko-Muesli-weniger-suess-500G.html,https://www.edeka24.de/out/pictures/generated/product/1/540_540_90/oevitalis_knschoko_ws_500g.jpg
1108,Lebensmittel,Frühstück & Snacks,Müsli-Cerealien,Kölln Müsli Knusper Mango-Kurkuma 450G,"3,89 €","8,64 €/kg","inkl. MwSt., zzgl. 4.95 € Versandkosten.",lieferbar innerhalb von 2-5 Werktagen,2023-05-02 23:52:56.723422,"Knusper Vollkorn-Müsli mit Kurkuma, Mango und 5 % weißer Schokolade",Hinweis zur Aufbewahrung: Vor Wärme geschützt und trocken lagern.,"Verantwortliches Lebensmittelunternehmen:
Peter Kölln GmbH & Co. KGaA, 25333 Elmshorn, Deutschland","Zutatenverzeichnis: VOLLKORN-HAFERFLOCKEN (54%), Zucker, Palmöl, WEIZENMEHL, VOLLKORN-WEIZENFLOCKEN (6%), Glukose-Fruktose-Sirup, HAFER-VOLLKORNMEHL (2%), gefriergetrocknete Mangostücke* (1,5%), Kakaobutter, VOLLMILCHPULVER, Kurkuma (0,5%), GERSTENMALZEXTRAKT, Speisesalz, Emulgator Lecithine, natürliches Aroma *Entspricht 8% frischer Mango",454,1906,16,6,66,20,"8,5","0,38",https://www.edeka24.de/Lebensmittel/Fruehstueck-Snacks/Muesli-Cerealien/Koelln-Muesli-Knusper-Mango-Kurkuma-450G.html,https://www.edeka24.de/out/pictures/generated/product/1/540_540_90/klln_msli_knusper_mangokurkuma_450_g.jpg
1109,Lebensmittel,Frühstück & Snacks,Müsli-Cerealien,Kölln Rainbow Love Hafer-Müsli 400G,"3,89 €","9,73 €/kg","inkl. MwSt., zzgl. 4.95 € Versandkosten.",lieferbar innerhalb von 2-5 Werktagen,2023-05-02 23:52:59.893586,"Hafermüsli mit 18% bunt dragierten Schokolinsen, 12% Kakao-Cornflakes und 5% gezuckerten Cornflakes.",Hinweis zur Aufbewahrung: Vor Wärme geschützt und trocken lagern. Innenbeutel nach dem Öffnen wieder gut verschließen.,"Verantwortliches Lebensmittelunternehmen:
Peter Kölln GmbH & Co. KGaA, Westerstr. 22-24, 25336 Elmshorn","Zutatenverzeichnis: VOLLKORN-HAFERFLOCKEN (56 %), Schokolinsen [Zucker, VOLLMILCHPULVER, Kakaobutter*, Kakaomasse*, Sheabutter, Reisstärke, Verdickungsmittel Gummi arabicum, färbende Frucht- und Pflanzenkonzentrate (Färberdistel, Rettich, Apfel, Zitrone, Kürbis, Schwarze Johannisbeere, Süßkartoffel), Algenkonzentrat (Spirulina), Speisesalz, Emulgator Lecithine, Glukosesirup], Mais, VOLLKORN-HAFERMEHL (6 %), Zucker, Kakaopulver*, WEIZENMEHL, GERSTENMALZEXTRAKT, Maisstärke, Dextrose, Glukosesirup, Speisesalz. Kann SCHALENFRÜCHTE enthalten. *Rainforest Alliance-zertifiziert",1660,394,"7,3","3,4",69,17,10,"0,19",https://www.edeka24.de/Lebensmittel/Fruehstueck-Snacks/Muesli-Cerealien/Koelln-Rainbow-Love-Hafer-Muesli-400G.html,https://www.edeka24.de/out/pictures/generated/product/1/540_540_90/kamp246lln_rainbow_love_hafermamp252sli_400g.jpg
1110,Lebensmittel,Frühstück & Snacks,Müsli-Cerealien,Dr.Oetker Vitalis Knusper Müsli mit Honig 600G,"2,99 €","4,98 €/kg","inkl. MwSt., zzgl. 4.95 € Versandkosten.",lieferbar innerhalb von 2-5 Werktagen,2023-05-02 23:53:04.121427,Knusper Müsli mit Rosinen,Hinweis zur Aufbewahrung: Bitte den Innenbeutel nach dem Öffnen wieder gut verschließen.,"Verantwortliches Lebensmittelunternehmen:
Dr. August Oetker Nahrungsmittel KG, Lutterstraße 14, D-33617 Bielefeld","Zutatenverzeichnis: 54% Vollkorn-HAFERFLOCKEN, Zucker, Palmöl, 8,5% getrocknete WEIZENKEIME, WEIZENMEHL, Glukosesirup, 2,9% Rosinen, 1,6% Honig, Salz, Aroma Vanillin, Kann Spuren von SCHALENFRÜCHTEN (NÜSSEN) enthalten",1868,445,15,"5,2",63,24,10,"0,71",https://www.edeka24.de/Lebensmittel/Fruehstueck-Snacks/Muesli-Cerealien/Dr-Oetker-Vitalis-Knusper-Muesli-mit-Honig-600G.html,https://www.edeka24.de/out/pictures/generated/product/1/540_540_90/droetker_vitalis_knusper_msli_mit_honig.jpg
1111,Lebensmittel,Frühstück & Snacks,Müsli-Cerealien,Dr.Oetker Vitalis Knusper pur 30% weniger Zucker 600G,"3,99 €","6,65 €/kg","inkl. MwSt., zzgl. 4.95 € Versandkosten.",lieferbar innerhalb von 2-5 Werktagen,2023-05-02 23:53:07.890477,-,Hinweis zur Aufbewahrung: Bitte den Innenbeutel nach dem Öffnen wieder gut verschließen.,"Verantwortliches Lebensmittelunternehmen:
Dr. August Oetker Nahrungsmittel KG, Lutterstraße 14, D-33617 Bielefeld","Zutatenverzeichnis: 56% Vollkorn-HAFERFLOCKEN, Palmöl, Zucker, Oligofruktose, 8,0% WEIZENKEIME, Reismehl, Glukosesirup, WEIZENVOLLKORNMEHL, 1,5% Honig, WEIZENMEHL, Salz, getrockneter GERSTENMALZEXTRAKT, MAGERMILCHPULVER, Aroma, Kann Spuren von SCHALENFRÜCHTEN (NÜSSEN) enthalten",1836,438,16,"5,2",57,14,11,"0,88",https://www.edeka24.de/Lebensmittel/Fruehstueck-Snacks/Muesli-Cerealien/Dr-Oetker-Vitalis-Knusper-pur-30-weniger-Zucker-600G.html,https://www.edeka24.de/out/pictures/generated/product/1/540_540_90/droetker_vitalis_knusper_pur_30_weniger_zucker.jpg
1112,Lebensmittel,Frühstück & Snacks,Müsli-Cerealien,Alnatura Bio Bircher Müsli 500G,"3,79 €","7,58 €/kg","inkl. MwSt., zzgl. 4.95 € Versandkosten.",lieferbar innerhalb von 2-5 Werktagen,2023-05-02 23:53:12.236450,Bio Müsli mit 60 % Getreidevollkornflocken und Früchten,Hinweis zur Aufbewahrung: Bitte trocken lagern und vor Wärme schützen.,"Verantwortliches Lebensmittelunternehmen:
Alnatura GmbH, Darmstädter Str. 63, 64404 Bickenbach","Zutatenverzeichnis: HAFERVOLLKORNFLOCKEN*, 3-Fruchtflocken* 15% (WEIZENVOLLKORNMEHL*, Dattelsaftkonzentrat* 30%, Apfelsaftkonzentrat* 18%, Bananenmark* 12%), HAFERKLEIE* 12%, WEIZENVOLLKORNFLOCKEN*, GERSTENVOLLKORNFLOCKEN*, HASELNÜSSE* geröstet 4%, Apfelstücke* getrocknet 3%, Sultaninen* getrocknet und geölt (mit Sonnenblumenöl) 3%, Apfelflocken* (Apfel* 60%, Reismehl*), MANDELSTÜCKE* geröstet 1% *aus biologischer Landwirtschaft . Kann Spuren von SOJA, MANDEL anderen NÜSSEN und SESAM enthalten.",1490,354,"6,7","0,9",59,14,"9,9","0,04",https://www.edeka24.de/Lebensmittel/Fruehstueck-Snacks/Muesli-Cerealien/Alnatura-Bio-Bircher-Muesli-500G.html,https://www.edeka24.de/out/pictures/generated/product/1/540_540_90/alnatura_bio_bircher_msli_500_g.jpg
1113,Lebensmittel,Frühstück & Snacks,Müsli-Cerealien,Alnatura Bio Basis Müsli 750G,"2,49 €","3,32 €/kg","inkl. MwSt., zzgl. 4.95 € Versandkosten.",lieferbar innerhalb von 2-5 Werktagen,2023-05-02 23:53:16.077348,"Bio Müsli mit 88% Getreideflocken, 10% Saaten und 2% Amaranth",Hinweis zur Aufbewahrung: Bitte trocken lagern und vor Wärme schützen.,"Verantwortliches Lebensmittelunternehmen:
Alnatura Produktions- und Handels GmbH, Mahatma-Gandhi-Str. 7, 64295 Darmstadt","Zutatenverzeichnis: HAFERVOLLKORNFLOCKEN*, GERSTENVOLLKORNFLOCKEN*, ROGGENVOLLKORNFLOCKEN*, Sonnenblumenkerne*, DINKELVOLLKORNFLOCKEN*, Leinsamen*, SESAM* geröstet, Amaranth* gepufft, Kürbiskerne* 1,5% *aus biologischer Landwirtschaft . Kann Spuren von SOJA, MILCH, MANDEL und NÜSSEN enthalten.",1570,373,"8,8","1,5",55,"1,1",13,"0,03",https://www.edeka24.de/Lebensmittel/Fruehstueck-Snacks/Muesli-Cerealien/Alnatura-Bio-Basis-Muesli-750G.html,https://www.edeka24.de/out/pictures/generated/product/1/540_540_90/bio_alnatura_basis_mamp252sli_750g.jpg
1114,Lebensmittel,Frühstück & Snacks,Müsli-Cerealien,Kölln Mühlenklassiker mit vielen sonnigen Früchten 750G,"6,49 €","8,65 €/kg","inkl. MwSt., zzgl. 4.95 € Versandkosten.",lieferbar innerhalb von 2-5 Werktagen,2023-05-02 23:53:20.023587,Müsli mit 35% getrochneten Früchten,Hinweis zur Aufbewahrung: Vor Wärme geschützt und trocken lagern.,"Verantwortliches Lebensmittelunternehmen:
Peter Kölln KGaA, D-25333 Elmshorn","Zutatenverzeichnis: 29 % VOLLKORNHAFERFLOCKEN, 20 % VOLLKORNWEIZENFLOCKEN, 10 % getrocknete Dattelstücke, Rosinen, 9% VOLLKORNGERSTENFLOCKEN, Cornflakes (Mais), 4% getrocknete Apfelchips, 4% getrocknete Feigenstücke, 3% getrocknete Aprikosenstücke, geröstete Bananenchips stücke (Bananenscheiben, Kokosfett), 1% getrocknete Apfelraspel, Reismehl, Sonnenblumenöl",1483,351,"4,3","1,6","65,2","19,5","8,5","0,1",https://www.edeka24.de/Lebensmittel/Fruehstueck-Snacks/Muesli-Cerealien/Koelln-Muehlenklassiker-mit-vielen-sonnigen-Fruechten-750G.html,https://www.edeka24.de/out/pictures/generated/product/1/540_540_90/klln_mhlenklassiker_mit_vielen_sonnigen_frchten_750_g.jpg
1115,Lebensmittel,Frühstück & Snacks,Müsli-Cerealien,Kölln Müsli Knusper Joghurt Himbeer 30% weniger Fett 500G,"3,89 €","7,78 €/kg","inkl. MwSt., zzgl. 4.95 € Versandkosten.",lieferbar innerhalb von 2-5 Werktagen,2023-05-02 23:53:23.709898,"Knuspriges Vollkorn-Getreideerzeugnis mit 2,5 % Magermilchjoghurtpulver und 1,5 % Himbeer-Crunchies",Hinweis zur Aufbewahrung: Vor Wärme geschützt und trocken lagern.,"Verantwortliches Lebensmittelunternehmen:
Peter Kölln KGaA, D-25333 Elmshorn","Zutatenverzeichnis: HAFERVOLLKORNFLOCKEN (38 %), WEIZENVOLLKORNFLOCKEN (23 %), Zucker, WEIZENMEHL, Palmöl, Glukose-Fruktose-Sirup, Traubenzucker, HAFER-Vollkornmehl (3 %), MAGERMILCHJOGHURTPULVER, gefriergetrocknete Himbeeren, Himbeersaftkonzentrat, Fruktose, Invertzuckersirup, GERSTENMALZEXTRAKT, Glukosesirup, modifizierte Stärke, Speisesalz, Aroma",1735,412,"9,9","3,8","66,4","21,5","10,5","0,49",https://www.edeka24.de/Lebensmittel/Fruehstueck-Snacks/Muesli-Cerealien/Koelln-Muesli-Knusper-Joghurt-Himbeer-30-weniger-Fett-500G.html,https://www.edeka24.de/out/pictures/generated/product/1/540_540_90/klln_msli_knusper_joghurt_himbeer_30_weniger_fett_500_g.jpg
1116,Lebensmittel,Frühstück & Snacks,Müsli-Cerealien,Dr.Oetker Vitalis Knusper Plus Double Chocolate 450G,"2,99 €","6,64 €/kg","inkl. MwSt., zzgl. 4.95 € Versandkosten.",lieferbar innerhalb von 2-5 Werktagen,2023-05-02 23:53:26.890103,Knusper Plus Müsli mit Vollmilch- und feinherber Schokolade,Hinweis zur Aufbewahrung: Bitte den Innenbeutel nach dem Öffnen wieder gut verschließen.,"Verantwortliches Lebensmittelunternehmen:
Dr. August Oetker Nahrungsmittel KG, Lutterstraße 14, D-33617 Bielefeld","Zutatenverzeichnis: 46% Vollkorn-HAFERFLOCKEN, Zucker, Palmöl, 8,0% Schokolade (Kakaomasse, Zucker, fettarmer Kakao, Kakaobutter, Emulgator (Lecithine)), 7,0% VOLLMILCHSCHOKOLADE (Zucker, VOLLMILCHPULVER, Kakaomasse, Kakaobutter, SÜSSMOLKENPULVER, Emulgator (Lecithine), Aroma Vanillin), Glukosesirup, 4,2% getrocknete WEIZENKEIME, WEIZENMEHL, Reismehl, 1,3% Honig, WEIZENVOLLKORNMEHL, Salz, getrockneter GERSTENMALZEXTRAKT, MAGERMILCHPULVER, Aromen, Kann Spuren von SCHALENFRÜCHTEN (NÜSSEN) enthalten",478,2003,21,"8,4",61,25,"9,3","0,58",https://www.edeka24.de/Lebensmittel/Fruehstueck-Snacks/Muesli-Cerealien/Dr-Oetker-Vitalis-Knusper-Plus-Double-Chocolate-450G.html,https://www.edeka24.de/out/pictures/generated/product/1/540_540_90/droetker_vitalis_knusper_plus_double_chocolate.jpg
1117,Lebensmittel,Frühstück & Snacks,Müsli-Cerealien,Kölln Müsli Schoko 600G,"3,89 €","6,48 €/kg","inkl. MwSt., zzgl. 4.95 € Versandkosten.",lieferbar innerhalb von 2-5 Werktagen,2023-05-02 23:53:30.350230,"Hafer-Vollkorn-Müsli mit 10 % Schokolade, 10 % Vollmilchschokolade und 3 % Haselnusskrokant",Hinweis zur Aufbewahrung: Vor Wärme geschützt und trocken lagern.,"Verantwortliches Lebensmittelunternehmen:
Peter Kölln KGaA, D-25333 Elmshorn","Zutatenverzeichnis: HAFERVOLLKORNFLOCKEN (58%), Zucker, Kakaomasse, HAFERVOLLKORNMEHL (4%), Karamellsirup, WEIZENMEHL, VOLLMILCHPULVER, Kakaobutter, gehackte HASELNUSSKERNE, fettarmes Kakaopulver, SüßMOLKENPULVER, Maisstärke, GERSTENMALZEXTRAKT, Invertzuckersirup, Speisesalz, Emulgator Lecithine",406,1705,"11,3","4,7","60,7","22,2","10,7","0,25",https://www.edeka24.de/Lebensmittel/Fruehstueck-Snacks/Muesli-Cerealien/Koelln-Muesli-Schoko-600G.html,https://www.edeka24.de/out/pictures/generated/product/1/540_540_90/klln_msli_schoko_600_g.jpg
1118,Lebensmittel,Frühstück & Snacks,Müsli-Cerealien,Kölln Balance Haferkleie Fleks 250G,"3,29 €","13,16 €/kg","inkl. MwSt., zzgl. 4.95 € Versandkosten.",lieferbar innerhalb von 2-5 Werktagen,2023-05-02 23:53:33.925043,Knuspriges Haferkleie-Erzeugnis,"Hinweis zur Aufbewahrung: Kölln Balance Haferkleie Fleks® sind eine knusprig-krosse Cerealie. Sie enthalten zu 70% Haferkleie, die hauptsächlich aus den äußeren Teilen des Haferkorns mit Randschichten und Keim besteht. Kölln Balance Haferkleie Fleks® enthalten von Natur aus pflanzliches Eiweiß und Vitamin B1. Sie sind reich an Beta-Glucan, Ballaststoffen, Eisen und Magnesium. Beta-Glucan ist ein hafertypischer löslicher Ballaststoff. Hafer-Beta-Glucan reduziert nachweislich den Cholesteringehalt im Blut. Diese positive Wirkung stellt sich bei einer täglichen Aufnahme von 3 g Hafer-Beta-Glucan ein (=2 Portionen Kölln Balance Haferkleie Fleks® à 30g). Balance - das Ernähungsprogramm für Cholesterinbewusste. Vor Wärme geschützt und trocken lagern. Innenbeutel nach dem Öffnen wieder gut verschließen.","Verantwortliches Lebensmittelunternehmen:
Peter Kölln GmbH & Co.KGaA, 25333 Elmshorn, Deutschland","Zutatenverzeichnis: HAFERKLEIE (70 %), Maismehl, Dextrose, GERSTENMALZEXTRAKT, Speisesalz",1611,383,"6,6","1,4",59,11,15,"0,53",https://www.edeka24.de/Lebensmittel/Fruehstueck-Snacks/Muesli-Cerealien/Koelln-Balance-Haferkleie-Fleks-250G.html,https://www.edeka24.de/out/pictures/generated/product/1/540_540_90/klln_balance_haferkleie_fleks_250_g.jpg
1119,Lebensmittel,Frühstück & Snacks,Müsli-Cerealien,Kölln Mühlenklassiker Vollkorn Basis-Müsli 750G,"4,29 €","5,72 €/kg","inkl. MwSt., zzgl. 4.95 € Versandkosten.",lieferbar innerhalb von 2-5 Werktagen,2023-05-02 23:53:37.873316,Müsli aus 88% Getreidevollkornflocken mit Kürbiskernen und Buchweizen,Hinweis zur Aufbewahrung: Vor Wärme geschützt und trocken lagern.,"Verantwortliches Lebensmittelunternehmen:
Peter Kölln GmbH & Co. KGaA, Westerstr. 22-24, 25336 Elmshorn","Zutatenverzeichnis: VOLLKORNHAFERFLOCKEN, VOLLKORNWEIZENFLOCKEN, VOLLKORNGERSTENFLOCKEN, VOLLKORNWEIZENFLAKES, Sonnenblumenkerne, 3 % Kürbiskerne, 2 % Leinsamen,2 % Buchweizen. Das Produkt kann SCHALENFRÜCHTE, MILCH und ERDNUSS enthalten.",1590,378,"8,6","1,4",57,"1,4",14,0,https://www.edeka24.de/Lebensmittel/Fruehstueck-Snacks/Muesli-Cerealien/Koelln-Muehlenklassiker-Vollkorn-Basis-Muesli-750G.html,https://www.edeka24.de/out/pictures/generated/product/1/540_540_90/mamp252hlenklassiker_vollkorn_basismamp252sli_750g.jpg
1120,Lebensmittel,Frühstück & Snacks,Müsli-Cerealien,Alnatura Bio Beeren Müsli 750G,"4,79 €","6,39 €/kg","inkl. MwSt., zzgl. 4.95 € Versandkosten.",lieferbar innerhalb von 2-5 Werktagen,2023-05-02 23:53:42.371696,Bio Müsli mit 62 % Hafervollkornflocken und 21 % Beerenmischung,Hinweis zur Aufbewahrung: Bitte trocken lagern und vor Wärme schützen.,"Verantwortliches Lebensmittelunternehmen:
Alnatura Produktions- und Handels GmbH, Mahatma-Gandhi-Str. 7, 64295 Darmstadt","Zutatenverzeichnis: HAFERVOLLKORNFLOCKEN*, Beerenmischung* (Rosinen* getrocknet und geölt 19%(Rosinen* 99,5%, Sonnenblumenöl*),Erdbeeren* gefriergetrocknet, Himbeeren* gefriergetrocknet, Rote Johannisbeeren* gefriergetrocknet), Gerstenflakes*(GERSTE*),Apfelstücke* getrocknet, Buchweizen* geröstet, Sonnenblumenkerne*. kann Spuren von SOJA, MILCH, MANDEL, NÜSSEN und °SESAM enthalten. *aus biologischer Landwirtschaft",1540,365,"6,5","1,1",61,18,11,"0,02",https://www.edeka24.de/Lebensmittel/Fruehstueck-Snacks/Muesli-Cerealien/Alnatura-Bio-Beeren-Muesli-750G.html,https://www.edeka24.de/out/pictures/generated/product/1/540_540_90/bio_alnatura_beerenmamp252sli_750g.jpg
1121,Lebensmittel,Frühstück & Snacks,Müsli-Cerealien,Alnatura Bio Dinkelflocken Großblatt 500G,"2,19 €","4,38 €/kg","inkl. MwSt., zzgl. 4.95 € Versandkosten.",lieferbar innerhalb von 2-5 Werktagen,2023-05-02 23:53:45.967041,-,"Hinweis zur Aufbewahrung: Bitte trocken lagern, vor Wärme schützen.","Verantwortliches Lebensmittelunternehmen:
Alnatura GmbH, Mahatma-Gandhi-Straße 7, 64295 Darmstadt","Zutatenverzeichnis: DINKELVOLLKORNFLOCKEN*¹ *aus Demeter Landbau ¹Dinkel ist eine Urweizenart. Kann Spuren von ERDNUSS, SOJA, MILCH, MANDEL, NÜSSEN, SESAM und LUPINE enthalten.",1491,352,"2,6","0,2",64,"1,7",14,"0,01",https://www.edeka24.de/Lebensmittel/Fruehstueck-Snacks/Muesli-Cerealien/Alnatura-Bio-Dinkelflocken-Grossblatt-500G.html,https://www.edeka24.de/out/pictures/generated/product/1/540_540_90/alnatura_bio_dinkelflocken_groblatt.jpg
1122,Lebensmittel,Frühstück & Snacks,Müsli-Cerealien,Alnatura Bio Haferkleie mit Keim 500G,"2,49 €","4,98 €/kg","inkl. MwSt., zzgl. 4.95 € Versandkosten.",lieferbar innerhalb von 2-5 Werktagen,2023-05-02 23:53:49.524388,-,"Hinweis zur Aufbewahrung: Bitte trocken lagern, vor Wärme schützen.","Verantwortliches Lebensmittelunternehmen:
Alnatura Produktions- und Handels GmbH, Mahatma-Gandhi-Str. 7, 64295 Darmstadt",Zutatenverzeichnis: HAFERKLEIE*. *aus biologischer Landwirtschaft.,1530,363,"6,6","1,1",55,"1,3",15,"0,03",https://www.edeka24.de/Lebensmittel/Fruehstueck-Snacks/Muesli-Cerealien/Alnatura-Bio-Haferkleie-mit-Keim-500G.html,https://www.edeka24.de/out/pictures/generated/product/1/540_540_90/alnatura_bio_haferkleie_mit_keim_500_g.jpg
1123,Lebensmittel,Frühstück & Snacks,Müsli-Cerealien,Kölln Balance Zarte Kölln Flocken glutenfrei 500G,"3,29 €","6,58 €/kg","inkl. MwSt., zzgl. 4.95 € Versandkosten.",lieferbar innerhalb von 2-5 Werktagen,2023-05-02 23:53:53.732297,glutenfreie Vollkorn-Haferflocken,Hinweis zur Aufbewahrung: Vor Wärme geschützt und trocken lagern.,"Verantwortliches Lebensmittelunternehmen:
Peter Kölln GmbH & Co. KGaA, 25333 Elmshorn, Deutschland",Zutatenverzeichnis: 100% Vollkorn-HAFER,1520,361,"6,7","1,3",56,"1,2",14,0,https://www.edeka24.de/Lebensmittel/Fruehstueck-Snacks/Muesli-Cerealien/Koelln-Balance-Zarte-Koelln-Flocken-glutenfrei-500G.html,https://www.edeka24.de/out/pictures/generated/product/1/540_540_90/klln_balance_zarte_klln_flocken_glutenfrei_500_g.jpg
1124,Lebensmittel,Frühstück & Snacks,Müsli-Cerealien,Kölln Bio Dinkelkorn Flocken zart 450G,"3,49 €","7,76 €/kg","inkl. MwSt., zzgl. 4.95 € Versandkosten.",lieferbar innerhalb von 2-5 Werktagen,2023-05-02 23:53:57.405957,Bio-Dinkelflocken,Hinweis zur Aufbewahrung: Vor Wärme geschützt und trocken lagern.,"Verantwortliches Lebensmittelunternehmen:
Peter Kölln GmbH & Co. KGaA, 25333 Elmshorn, Deutschland",Zutatenverzeichnis: 100 % Vollkorn-DINKEL aus ökologischem Anbau,1462,346,"2,5","0,2",63,"1,7",14,0,https://www.edeka24.de/Lebensmittel/Fruehstueck-Snacks/Muesli-Cerealien/Koelln-Bio-Dinkelkorn-Flocken-zart-450G.html,https://www.edeka24.de/out/pictures/generated/product/1/540_540_90/klln_bio_dinkelkorn_flocken_zart_450g.jpg
1125,Lebensmittel,Frühstück & Snacks,Müsli-Cerealien,Kölln Knusper Schoko & Kaffee Hafer-Müsli 500G,"3,89 €","7,78 €/kg","inkl. MwSt., zzgl. 4.95 € Versandkosten.",lieferbar innerhalb von 2-5 Werktagen,2023-05-02 23:54:00.795667,"Knusper Vollkorn-Müsli mit 8& Vollmilchschokoladenblättchen, 7% weißen Schokoaldenstückchen und Kaffee-Extrakt.",Hinweis zur Aufbewahrung: Vor Wärme geschützt und trocken lagern.,"Verantwortliches Lebensmittelunternehmen:
Peter Kölln GmbH & Co. KGaA, westerstr. 22-24, 25336 Elmshorn","Zutatenverzeichnis: VOLLKORN-HAFERFLOCKEN (48 %), Zucker, Palmöl, WEIZENMEHL, VOLLKORN-WEIZENFLOCKEN (6 %), Glukose-Fruktose-Sirup, Kakaobutter*, VOLLMILCHPULVER, VOLLKORN-HAFERMEHL (2 %), Kakaomasse*, fettarmes Kakaopulver*, getrockneter Kaffee-Extrakt* (0,5 %), MAGERMILCHPULVER, SÜßMOLKENPULVER, GERSTENMALZEXTRAKT, Dextrose, Speisesalz, Emulgator Lecithine. Kann SCHALENFRÜCHTE enthalten. *Rainforest Alliance-zertifiziert",1898,452,17,6,63,22,"9,4","0,22",https://www.edeka24.de/Lebensmittel/Fruehstueck-Snacks/Muesli-Cerealien/Koelln-Knusper-Schoko-Kaffee-Hafer-Muesli-500G.html,https://www.edeka24.de/out/pictures/generated/product/1/540_540_90/kamp246lln_mamp252sli_knusper_schokoampampkaffee_500g.jpg
1126,Lebensmittel,Frühstück & Snacks,Müsli-Cerealien,Bauckhof Bio glutenfreies Beerenmüsli Hafer 425G,"4,49 €","10,56 €/kg","inkl. MwSt., zzgl. 4.95 € Versandkosten.",lieferbar innerhalb von 2-5 Werktagen,2023-05-02 23:54:04.493162,-,Hinweis zur Aufbewahrung: Bitte kühl und trocken lagern.,"Verantwortliches Lebensmittelunternehmen:
Bauck GmbH & Co. KG, Duhenweitz 4, 29571 Rosche","Zutatenverzeichnis: Hafervollkornflocken* glutenfrei 71%, Reisflakes* (Reis*, Rohrohrzucker*, Reissirup*, Meersalz), getrocknete Beeren* 12% (Korinthen*, Brombeerstücke*, Heidelbeeren*, Erdbeerstücke*), Apfelstücke*. *aus kontrolliert biologischem Anbau",1516,359,5,"0,8",63,11,11,"0,16",https://www.edeka24.de/Lebensmittel/Fruehstueck-Snacks/Muesli-Cerealien/Bauckhof-Bio-glutenfreies-Beerenmuesli-Hafer-425G.html,https://www.edeka24.de/out/pictures/generated/product/1/540_540_90/bauckhofbeerenmsli.jpg
1127,Lebensmittel,Frühstück & Snacks,Müsli-Cerealien,Alnatura Bio Sojaflocken 500G,"2,99 €","5,98 €/kg","inkl. MwSt., zzgl. 4.95 € Versandkosten.",lieferbar innerhalb von 2-5 Werktagen,2023-05-02 23:54:10.071716,-,"Hinweis zur Aufbewahrung: Nach dem Öffnen vor Wärme schützen sowie trocken, lichtgeschützt und gut verschlossen aufbewahren. Unter Schutzatmosphäre verpackt.","Verantwortliches Lebensmittelunternehmen:
Alnatura GmbH, Mahatma-Gandhi-Straße 7, 64295 Darmstadt","Zutatenverzeichnis: SOJAFLOCKEN* *aus biologischer Landwirtschaft . Kann Spuren von GLUTEN, ERDNUSS, MANDEL, MILCH, NÜSSEN, SESAM und LUPINE enthalten.",1679,403,21,"2,6","3,1","3,1",41,"0,01",https://www.edeka24.de/Lebensmittel/Fruehstueck-Snacks/Muesli-Cerealien/Alnatura-Bio-Sojaflocken-500G.html,https://www.edeka24.de/out/pictures/generated/product/1/540_540_90/4104420022089alnaturabiosojaflocken.png
1128,Lebensmittel,Frühstück & Snacks,Müsli-Cerealien,Dr.Oetker Vitalis Müsli Schoko feinherb 600G,"2,99 €","4,98 €/kg","inkl. MwSt., zzgl. 4.95 € Versandkosten.",lieferbar innerhalb von 2-5 Werktagen,2023-05-02 23:54:13.576980,Schoko Müsli mit feinherber Schokolade.,Hinweis zur Aufbewahrung: Bitte den Innenbeutel nach dem Öffnen wieder gut verschließen.,"Verantwortliches Lebensmittelunternehmen:
Dr. August Oetker Nahrungsmittel KG, Lutterstraße 14, D-33617 Bielefeld","Zutatenverzeichnis: 55% Vollkorn-HAFERFLOCKEN, 11% Schokolade mit 70 % Gesamtkakaobestandteilen (Kakaomasse, Zucker, fettarmer Kakao, Kakaobutter, Emulgator (Lecithine)), 11% Schokolade mit 50 % Gesamtkakaobestandteilen (Kakaomasse, Zucker, Kakaobutter, Emulgator (Lecithine)), 8,0% Vollkorn-GERSTENFLOCKEN, Zucker, Palmöl, Glukosesirup, Reismehl, 1,1% fettarmer Kakao, WEIZENVOLLKORNMEHL, WEIZENMEHL, 0,5%gehackte MANDELN, getrocknete WEIZENKEIME, getrockneter GERSTENMALZEXTRAKT, MAGERMILCHPULVER, Salz, Kann Spuren von weiteren Schalenfrüchten (Nüssen) enthalten",431,1808,16,"5,6",57,15,11,"0,09",https://www.edeka24.de/Lebensmittel/Fruehstueck-Snacks/Muesli-Cerealien/Dr-Oetker-Vitalis-Muesli-Schoko-feinherb-600G.html,https://www.edeka24.de/out/pictures/generated/product/1/540_540_90/droetker_vitalis_msli_schoko_feinherb_600_g.jpg
1129,Lebensmittel,Frühstück & Snacks,Müsli-Cerealien,Weetabix Original 430G,"4,29 €","9,98 €/kg","inkl. MwSt., zzgl. 4.95 € Versandkosten.",lieferbar innerhalb von 2-5 Werktagen,2023-05-02 23:54:17.230978,Vollkornweizen Cerealie mit Vitaminen & Eisen,,"Verantwortliches Lebensmittelunternehmen:
Genuport Trade AG, Gutenbergring 60, D-22848 Norderstedt","Zutatenverzeichnis: VOLLKORNWEIZEN (95%), GERSTENMALZEXTRAKT, Zucker, Salz, Niacin, Eisensulfat, Vitamin B2, Vitamin B1, Folsäure.",1531,362,2,"0,6",69,"4,2",12,"0,28",https://www.edeka24.de/Lebensmittel/Fruehstueck-Snacks/Muesli-Cerealien/Weetabix-Original-430G.html,https://www.edeka24.de/out/pictures/generated/product/1/540_540_90/weetabix_original_95_vollkorn.jpg
1130,Lebensmittel,Frühstück & Snacks,Müsli-Cerealien,Bauckhof Bio Hirse-Buchweizenbrei Hot Hirse Morgengold ungesüßt glutenfrei 400G,"5,79 €","14,48 €/kg","inkl. MwSt., zzgl. 4.95 € Versandkosten.",lieferbar innerhalb von 2-5 Werktagen,2023-05-02 23:54:20.843385,"Flockenmischung zur Zubereitung eins warmen Hirse-Buchweizenbreis, glutenfrei",Hinweis zur Aufbewahrung: Bitte kühl und trocken lagern.,"Verantwortliches Lebensmittelunternehmen:
Bauck GmbH, Duhenweitz 4 D-29571 Rosche","Zutatenverzeichnis: Hirsevollkornflocken* 38%, Buchweizenvollkornflocken* 28%, Dattelstücke*, Erdmandelmehl*, Apfelstücke*, Feigenstücke*, Gold Leinsamen*, Apfelmehl*, Chiasamen (Salvia Hispanica)*, gepuffter Quinoa*, Reismehl*, Kardamom*, Ingwer*. *aus kontrolliert biologischem Anbau",1539,365,"6,1","1,2","65,9",16,"9,2","0,02",https://www.edeka24.de/Lebensmittel/Fruehstueck-Snacks/Muesli-Cerealien/Bauckhof-Bio-Hirse-Buchweizenbrei-Hot-Hirse-Morgengold-ungesuesst-glutenfrei-400G.html,https://www.edeka24.de/out/pictures/generated/product/1/540_540_90/bauckhofhothirse.jpg
1131,Lebensmittel,Frühstück & Snacks,Müsli-Cerealien,Dr.Oetker Vitalis Knusper Flakes 600G,"3,99 €","6,65 €/kg","inkl. MwSt., zzgl. 4.95 € Versandkosten.",lieferbar innerhalb von 2-5 Werktagen,2023-05-02 23:54:26.826241,Knusprige Getreidekost mit Cornflakes und Mandelstücken,Hinweis zur Aufbewahrung: Bitte den Innenbeutel nach dem Öffnen wieder gut verschließen.,"Verantwortliches Lebensmittelunternehmen:
Dr. August Oetker Nahrungsmittel KG, Lutterstraße 14, D-33617 Bielefeld","Zutatenverzeichnis: 34% Vollkorn-HAFERFLOCKEN, 26% Cornflakes (Mais, Salz, GERSTENMALZ), Zucker, Glukosesirup, Palmöl, WEIZENMEHL, 2,4% MANDELSTÜCKE, 2,1% Honig, Aromen, Salz, Kann Spuren von weiteren SCHALENFRÜCHTEN (NÜSSEN) enthalten",444,1869,13,"4,4",72,24,"7,6",1,https://www.edeka24.de/Lebensmittel/Fruehstueck-Snacks/Muesli-Cerealien/Dr-Oetker-Vitalis-Knusper-Flakes-600G.html,https://www.edeka24.de/out/pictures/generated/product/1/540_540_90/droetker_vitalis_knusper_flakes.jpg
1132,Lebensmittel,Frühstück & Snacks,Müsli-Cerealien,Alnatura Bio Haferflocken zartschmelzend 250G,"2,49 €","9,96 €/kg","inkl. MwSt., zzgl. 4.95 € Versandkosten.",lieferbar innerhalb von 2-5 Werktagen,2023-05-02 23:54:33.031617,-,Hinweis zur Aufbewahrung: Bitte trocken lagern und vor Wärme schützen.,"Verantwortliches Lebensmittelunternehmen:
Alnatura Produktions- und Handels GmbH, Mahatma-Gandhi-Str. 7, 64295 Darmstadt",Zutatenverzeichnis: HAFERVOLLKORNFLOCKEN* *aus biologischer Landwirtschaft.,1529,363,"5,9","1,1",60,"1,2",13,"0,01",https://www.edeka24.de/Lebensmittel/Fruehstueck-Snacks/Muesli-Cerealien/Alnatura-Bio-Haferflocken-zartschmelzend-250G.html,https://www.edeka24.de/out/pictures/generated/product/1/540_540_90/alnaturahaferflocken.jpg
1133,Lebensmittel,Frühstück & Snacks,Müsli-Cerealien,Dr.Oetker Vitalis Roasted Müsli Cranberry-Kürbiskern 450G,"2,99 €","6,64 €/kg","inkl. MwSt., zzgl. 4.95 € Versandkosten.",lieferbar innerhalb von 2-5 Werktagen,2023-05-02 23:54:37.520543,"Geröstetes Müsli mit 5,1% Cranberrys und Kürbiskernen","Hinweis zur Aufbewahrung: Bitte den Innenbeutel nach dem Öffnen wieder gut verschließen., Kühl und trocken lagern.","Verantwortliches Lebensmittelunternehmen:
Dr. August Oetker Nahrungsmittel KG, Lutterstraße 14, D-33617 Bielefeld","Zutatenverzeichnis: 66% VOLLKORN-HAFERFLOCKEN, gezuckerte Cranberrys (getrocknete Cranberrys, Zucker, Feuchthaltemittel Glycerin, Säuerungsmittel Citronensäure), WEIZENFLAKES (WEIZEN, Salz, Zucker, GERSTENMALZEXTRAKT), Zucker, 4,4% Honig, Oligofruktose, Palmöl, 3,0% Kürbiskerne, Salz, Kann enthalten: SCHALENFRÜCHTE (NÜSSE)",1765,420,10,"2,9",65,17,10,"0,41",https://www.edeka24.de/Lebensmittel/Fruehstueck-Snacks/Muesli-Cerealien/Dr-Oetker-Vitalis-Roasted-Muesli-Cranberry-Kuerbiskern-450G.html,https://www.edeka24.de/out/pictures/generated/product/1/540_540_90/dr.oetkervitalisroastedmslicranberry-krbiskern.jpg
1134,Lebensmittel,Frühstück & Snacks,Müsli-Cerealien,Alnatura Bio Frühstücksbrei Rote Beeren 500G,"4,49 €","8,98 €/kg","inkl. MwSt., zzgl. 4.95 € Versandkosten.",lieferbar innerhalb von 2-5 Werktagen,2023-05-02 23:54:41.140005,"Bio Hafervollkornflocken zerkleinert, mit Trockenfrüchten,gefriergetrockneten Beeren und Chia-Samen",Hinweis zur Aufbewahrung: Bitte trocken lagern und vor Wärme schützen.,"Verantwortliches Lebensmittelunternehmen:
Alnatura Produktions- und Handels GmbH, Mahatma-Gandhi-Str. 7, 64295 Darmstadt","Zutatenverzeichnis: HAFERVOLLKORNFLOCKEN* 69%, Rosinen* geölt 10 % (Rosinen* 99,5%,Sonnenblumenöl*), Reis* gepufft, Datteln* getrocknet 5%, Beeren*gefriergetrocknet 3,8% (Himbeeren*, Rote Johannisbeeren*, Erdbeeren*,Heidelbeeren*), Chia-Samen* 3%, Amaranth* gepufft, Reismehl*. *aus biologischer Landwirtschaft. Kann Spuren von SOJA, MILCH, MANDEL, NÜSSEN und SESAM enthalten.",1520,361,"6,3","1,2",60,12,11,"0,04",https://www.edeka24.de/Lebensmittel/Fruehstueck-Snacks/Muesli-Cerealien/Alnatura-Bio-Fruehstuecksbrei-Rote-Beeren-500G.html,https://www.edeka24.de/out/pictures/generated/product/1/540_540_90/alnatura_bio_frhstcksbrei_rote_beeren.jpg
1135,Lebensmittel,Frühstück & Snacks,Müsli-Cerealien,Dr.Oetker Vitalis Knusper Müsli Schoko feinherb 600G,"2,99 €","4,98 €/kg","inkl. MwSt., zzgl. 4.95 € Versandkosten.",lieferbar innerhalb von 2-5 Werktagen,2023-05-02 23:54:44.722423,Knusprige Getreidekost mit feinherber Schokolade,Hinweis zur Aufbewahrung: Bitte den Innenbeutel nach dem Öffnen wieder gut verschließen.,"Verantwortliches Lebensmittelunternehmen:
Dr. August Oetker Nahrungsmittel KG, Lutterstraße 14, D-33617 Bielefeld","Zutatenverzeichnis: 50% Vollkorn-HAFERFLOCKEN, Zucker, Palmöl, 8,5% Schokolade mit 70 % Gesamtkakaobestandteilen (Kakaomasse, Zucker, fettarmer Kakao, Kakaobutter, Emulgator (Lecithine)), Glukosesirup, Reismehl, 3,4% fettarmer Kakao, WEIZENVOLLKORNMEHL, WEIZENMEHL, getrocknete WEIZENKEIME, getrockneter GERSTENMALZEXTRAKT, MAGERMILCHPULVER, Salz, Kann Spuren von SCHALENFRÜCHTEN (NÜSSEN) enthalten",1960,468,19,"7,7",61,22,"9,1","0,23",https://www.edeka24.de/Lebensmittel/Fruehstueck-Snacks/Muesli-Cerealien/Dr-Oetker-Vitalis-Knusper-Muesli-Schoko-feinherb-600G.html,https://www.edeka24.de/out/pictures/generated/product/1/540_540_90/droetker_vitalis_knusper_msli_schoko_feinherb.jpg
1136,Lebensmittel,Frühstück & Snacks,Müsli-Cerealien,Bauckhof Demeter Bio Haferflocken Zartblatt 425G,"2,49 €","5,86 €/kg","inkl. MwSt., zzgl. 4.95 € Versandkosten.",lieferbar innerhalb von 2-5 Werktagen,2023-05-02 23:54:48.426394,-,Hinweis zur Aufbewahrung: Bitte kühl und trocken lagern.,"Verantwortliches Lebensmittelunternehmen:
Bauck GmbH,, Duhenweitz 4, D-29571 Rosche","Zutatenverzeichnis: HAFERVOLLKORNFLOCKEN** * = Zutaten aus ökol. Landbau, ** = Zutaten aus biol.dynamischem Anbau,",1560,370,"6,7","1,1",60,"0,8",13,"0,01",https://www.edeka24.de/Lebensmittel/Fruehstueck-Snacks/Muesli-Cerealien/Bauckhof-Demeter-Bio-Haferflocken-Zartblatt-425G.html,https://www.edeka24.de/out/pictures/generated/product/1/540_540_90/demeter_bauckhof_haferflocken_zartblatt_425g.jpg
1137,Lebensmittel,Frühstück & Snacks,Müsli-Cerealien,Alnatura Bio Quinoa gepufft 125G,"3,29 €","26,32 €/kg","inkl. MwSt., zzgl. 4.95 € Versandkosten.",lieferbar innerhalb von 2-5 Werktagen,2023-05-02 23:54:51.607352,-,Hinweis zur Aufbewahrung: Bitte trocken lagern und vor Wärme schützen. Nach dem Öffnen Verpackung gut verschießen.,"Verantwortliches Lebensmittelunternehmen:
Alnatura Produktions- und Handels GmbH, Mahatma-Gandhi-Str. 7, 64295 Darmstadt","Zutatenverzeichnis: Quinoa* gepufft *aus biologischer Landwirtschaft. Kann Spuren von SOJA, MILCH, MANDEL, NÜSSEN und SESAM enthalten.",1550,367,"4,5","0,4",66,"1,6",13,"0,01",https://www.edeka24.de/Lebensmittel/Fruehstueck-Snacks/Muesli-Cerealien/Alnatura-Bio-Quinoa-gepufft-125G.html,https://www.edeka24.de/out/pictures/generated/product/1/540_540_90/alnatura_bio_quinoa_gepufft.jpg
1138,Lebensmittel,Frühstück & Snacks,Müsli-Cerealien,Bauckhof Demeter Bio Haferbrei Hot Hafer Basis ungesüßt glutenfrei 400G,"3,49 €","8,73 €/kg","inkl. MwSt., zzgl. 4.95 € Versandkosten.",lieferbar innerhalb von 2-5 Werktagen,2023-05-02 23:54:55.194454,Flockenmischung zur Zubereitung eines warmen Haferbreis,Hinweis zur Aufbewahrung: Bitte kühl und trocken lagern.,"Verantwortliches Lebensmittelunternehmen:
Bauck GmbH, Duhenweitz 4, D-29571 Rosche","Zutatenverzeichnis: Hafervollkornflocken** glutenfrei * = Zutaten aus ökol. Landbau, ** = Zutaten aus biol.dynamischem Anbau",1560,370,"6,7","1,1","59,5","0,8","13,2","0,01",https://www.edeka24.de/Lebensmittel/Fruehstueck-Snacks/Muesli-Cerealien/Bauckhof-Demeter-Bio-Haferbrei-Hot-Hafer-Basis-ungesuesst-glutenfrei-400G.html,https://www.edeka24.de/out/pictures/generated/product/1/540_540_90/bauckhofhothafer.jpg
1139,Lebensmittel,Frühstück & Snacks,Müsli-Cerealien,3 Bears Dreierlei Beere Porridge 400G,"5,79 €","14,48 €/kg","inkl. MwSt., zzgl. 4.95 € Versandkosten.",lieferbar innerhalb von 2-5 Werktagen,2023-05-02 23:54:58.967522,Porridge (Hafermahlzeit) mit Beeren und Korinthen.,Hinweis zur Aufbewahrung: Kühl und trocken lagern.,"Verantwortliches Lebensmittelunternehmen:
3Bears Foods GmbH, Flößergasse 2 81369 München","Zutatenverzeichnis: 65% VOLLKORN-HAFERFLOCKEN, 15% Korinthen, Apfelpulver, 5% schwarze Johannisbeeren, 4.8% Cranberries, Ananassirup, Ananaskonzentrat, Sonnenblumenöl.",357,1507,"4,9","0,9","62,7","22,1","9,7",0,https://www.edeka24.de/Lebensmittel/Fruehstueck-Snacks/Muesli-Cerealien/3-Bears-Dreierlei-Beere-Porridge-400G.html,https://www.edeka24.de/out/pictures/generated/product/1/540_540_90/3bearsporr3beere.jpg
1140,Lebensmittel,Frühstück & Snacks,Müsli-Cerealien,Alnatura Bio 5-Kornflocken 500G,"2,19 €","4,38 €/kg","inkl. MwSt., zzgl. 4.95 € Versandkosten.",lieferbar innerhalb von 2-5 Werktagen,2023-05-02 23:55:02.422096,-,"Hinweis zur Aufbewahrung: Bitte trocken lagern, vor Wärme schützen.","Verantwortliches Lebensmittelunternehmen:
Alnatura GmbH, Mahatma-Gandhi-Straße 7, 64295 Darmstadt","Zutatenverzeichnis: WEIZENVOLLKORNFLOCKEN*, GERSTENVOLLKORNFLOCKEN*, HAFERVOLLKORNFLOCKEN*, ROGGENVOLLKORNFLOCKEN*, Reisvollkornflocken** *aus Demeter-Landbau **aus biologischer Landwirtschaft . Kann Spuren von ERDNUSS, SOJA, MILCH, MANDEL, NÜSSEN, SESAM und LUPINE enthalten.",1432,339,3,"0,6",62,"1,1",11,"0,03",https://www.edeka24.de/Lebensmittel/Fruehstueck-Snacks/Muesli-Cerealien/Alnatura-Bio-5-Kornflocken-500G.html,https://www.edeka24.de/out/pictures/generated/product/1/540_540_90/4104420012554alnaturabio5-kornflocken.png
1141,Lebensmittel,Frühstück & Snacks,Müsli-Cerealien,Alnatura Bio Urkorn Müsli 500G,"3,79 €","7,58 €/kg","inkl. MwSt., zzgl. 4.95 € Versandkosten.",lieferbar innerhalb von 2-5 Werktagen,2023-05-02 23:55:05.356126,"Bio Müsli mit 62 % Urgetreide (Einkorn, Emmer) und 14 % Früchten",Hinweis zur Aufbewahrung: Bitte trocken lagern und vor Wärme schützen.,"Verantwortliches Lebensmittelunternehmen:
Alnatura GmbH, Mahatma-Gandhi-Straße 7, 64295 Darmstadt","Zutatenverzeichnis: DINKELVOLLKORNFLOCKEN*¹ 26 %, EINKORNVOLLKORNFLOCKEN*¹ 25 %, EMMERVOLLKORNFLOCKEN*¹ 11 %, PURPUR-WEIZENVOLLKORNFLOCKEN* 11 %, Sonnenblumenkerne*, Rosinen* geölt 6,4 % (Rosinen* 99,5 %, Sonnenblumenöl*), Sultaninen* geölt 6,4 % (Sultaninen* 99,5 %, Sonnenblumenöl*), MANDELN* geschält 3 %, Pflaumen* getrocknet, HASELNÜSSE* geröstet, Reismehl* *aus biologischer Landwirtschaft ¹Einkorn, Emmer und Dinkel sind Urweizenarten . Kann Spuren von SOJA, MILCH, anderen NÜSSEN, SESAM und LUPINE enthalten.",1574,374,8,"0,8",57,11,13,"0,08",https://www.edeka24.de/Lebensmittel/Fruehstueck-Snacks/Muesli-Cerealien/Alnatura-Bio-Urkorn-Muesli-500G.html,https://www.edeka24.de/out/pictures/generated/product/1/540_540_90/alnatura_bio_urkorn_msli_500_g.jpg
1142,Lebensmittel,Frühstück & Snacks,Müsli-Cerealien,Bauckhof Demeter Bio Haferbrei Hot Hafer Schoko 400G,"4,29 €","10,73 €/kg","inkl. MwSt., zzgl. 4.95 € Versandkosten.",lieferbar innerhalb von 2-5 Werktagen,2023-05-02 23:55:09.510800,"Für den Haferbrei werden die Haferflocken speziell verarbeitet. Deshalb lässt sich unser Hot Hafer einfach und schnell zubereiten und hat eine optimale Konsistenz.
  Hafer glutenfrei
Der Hafer für diesen kontrolliert glutenfreien Haferbrei wird frei von Glutenverunreinigungen angebaut und verarbeitet. Die meisten Menschen mit einer Glutenunverträglichkeit können glutenfreien Hafer in ihre Ernährung mit einbeziehen, da sich die Eiweißstruktur des Hafers von der von Weizen, Roggen, Dinkel und Gerste unterscheidet. Es wird empfohlen, glutenfreie Haferprodukte zunächst langsam und schrittweise in einen glutenfreien Speiseplan zu integrieren.
  Hafer hat von Natur aus ein ausgewogenes Verhältnis an verschiedenen Nährstoffen:
  Hafer enthält von Natur aus Vitamin B1
Der Eisengehalt im Hafer ist höher als bei anderen Getreidearten 
Hafer enthält lösliche Ballaststoffe, die den für Hafer typischen Schleim bilden 
  Cholesterinbewusste Ernährung mit Hafer
Erwiesenermaßen senken Hafer-Beta-Glucane den Cholesterinspiegel im Blut. Hohe Cholesterinwerte zählen zu den Risikofaktoren bei der Entstehung koronarer Herzkrankheiten. Diese förderliche Wirkung wird erzielt bei einer täglichen Aufnahme von 3 g Hafer-Beta-Glucan (entspricht 80 g Hot Hafer. Eine Portion Hot Hafer entspricht 50 g). 
Eine abwechslungsreiche und ausgewogene Ernährung sowie eine gesunde Lebensweise mit ausreichend Bewegung sind grundlegende Voraussetzungen für Ihre Gesundheit.
  Auf der Verpackung finden Sie neben der klassischen Zubereitungsanleitung auch eine schnelle Zubereitung sowie eine Zubereitungsanleitung für die Mikrowelle. ",Hinweis zur Aufbewahrung: Bitte kühl und trocken lagern.,"Verantwortliches Lebensmittelunternehmen:
Bauck GmbH,, Duhenweitz 4, D-29571 Rosche","Zutatenverzeichnis: Hafervollkornflocken** glutenfrei 83%, Schokoblätter Zartbitter* 12% (Rohrohrzucker*, Kakaomasse*, Kakaobutter*, Emulgator: Sonnenblumenlecithin*) Kakaobohnenstücke* 3%, gepuffter Quinao*, gepuffter Amaranth*. *aus kontrolliert biologischem Anbau ** aus biologisch-dynamischem Anbau (74%)",1654,393,10,"3,7",58,"7,5",12,"0,04",https://www.edeka24.de/Lebensmittel/Fruehstueck-Snacks/Muesli-Cerealien/Bauckhof-Demeter-Bio-Haferbrei-Hot-Hafer-Schoko-400G.html,https://www.edeka24.de/out/pictures/generated/product/1/540_540_90/bauckhofhothaferschok.jpg
1143,Lebensmittel,Frühstück & Snacks,Müsli-Cerealien,Kölln Bio Schmelzflocken Dinkel-Hafer Nach dem 4.Monat 225G,"1,89 €","8,40 €/kg","inkl. MwSt., zzgl. 4.95 € Versandkosten.",lieferbar innerhalb von 2-5 Werktagen,2023-05-02 23:55:13.450127,Leicht lösliche Bio-Vollkornflocken Dinkel-Hafer,Hinweis zur Aufbewahrung: Vor Wärme geschützt und trocken lagern. Packung nach dem Öffnen wieder gut verschließen. Trocken und hygienisch aufbewahren und innerhalb von 3-4 Wochen aufbrauchen.,"Verantwortliches Lebensmittelunternehmen:
Peter Kölln GmbH & Co.KGaA, 25333 Elmshorn, Deutschland","Zutatenverzeichnis: VOLLKORN-DINKEL (50%), VOLLKORN-HAFER (50%), Thiamin (Vitamin B1). DINKEL ist eine WEIZENART. 100% Vollkorngetreide aus ökologischem Anbau",1487,352,"4,3","0,5",62,"1,8",12,0,https://www.edeka24.de/Lebensmittel/Fruehstueck-Snacks/Muesli-Cerealien/Koelln-Bio-Schmelzflocken-Dinkel-Hafer-Nach-dem-4-Monat-225G.html,https://www.edeka24.de/out/pictures/generated/product/1/540_540_90/klln_bio_schmelzflocken_dinkelhafer_nach_dem_4monat_225g.jpg
1144,Lebensmittel,Frühstück & Snacks,Müsli-Cerealien,Alnatura Bio Hafer Crunchy 750G,"4,79 €","6,39 €/kg","inkl. MwSt., zzgl. 4.95 € Versandkosten.",lieferbar innerhalb von 2-5 Werktagen,2023-05-02 23:55:17.361947,Bio Hafer-Knusper-Müsli,Hinweis zur Aufbewahrung: Bitte trocken lagern und vor Wärme schützen.,"Verantwortliches Lebensmittelunternehmen:
Alnatura GmbH, Mahatma-Gandhi-Straße 7, 64295 Darmstadt","Zutatenverzeichnis: HAFERVOLLKORNFLOCKEN* 69%, Vollrohrzucker*, Sonnenblumenöl*, Kokosraspeln 5%, Reissirup*, WEIZENVOLLKORNFLOCKEN* 4%, Reisextrudat* (Reismehl*, GERSTENMALZMEHL*, Meersalz), Meersalz *aus biologischer Landwirtschaft . Kann Spuren von MILCH, MANDEL, NÜSSEN und SESAM enthalten.",1892,451,17,"4,6",61,14,"9,5","0,27",https://www.edeka24.de/Lebensmittel/Fruehstueck-Snacks/Muesli-Cerealien/Alnatura-Bio-Hafer-Crunchy-750G.html,https://www.edeka24.de/out/pictures/generated/product/1/540_540_90/alnatura_bio_hafer_crunchy_750_g.jpg
1145,Lebensmittel,Frühstück & Snacks,Müsli-Cerealien,Kellogg's Special K Crunchy Oat Granola Dark Chocolate Curls 320G,"3,49 €","10,91 €/kg","inkl. MwSt., zzgl. 4.95 € Versandkosten.",lieferbar innerhalb von 2-5 Werktagen,2023-05-02 23:55:20.762028,"Knuspriges Hafer-, Weize- und Gerstengranola mit dunkler Schokolade",Hinweis zur Aufbewahrung: Kühl und trocken lagern.,"Verantwortliches Lebensmittelunternehmen:
Kellogg Europe Trading Limited, Three, Dublin Airport Central, Dublin Airport, Dublin Ireland","Zutatenverzeichnis: VOLLKORNHAFER (66%), Bitterschokolade (10%) (Kakaomasse, Zucker, MILCHFETT, Emulgator {Sonnenblumenlecithin}), Zucker, Sonnenblumenöl, WEIZENMEHL (6%), Maisfaser, Glukosesirup, gepuffter GERSTE (2%), Emulgator (SOJALECITHINE), natürliches Gewürzaroma, natürliches Aroma, GERSTENMALZ.",1968,469,17,4,65,13,"9,3","0,01",https://www.edeka24.de/Lebensmittel/Fruehstueck-Snacks/Muesli-Cerealien/Kellogg-s-Special-K-Crunchy-Oat-Granola-Dark-Chocolate-Curls-320G.html,https://www.edeka24.de/out/pictures/generated/product/1/540_540_90/kelloggscrunchyoatgranola.jpg
1146,Lebensmittel,Frühstück & Snacks,Müsli-Cerealien,Alnatura Bio 3-Korn-Flocken 500G,"2,19 €","4,38 €/kg","inkl. MwSt., zzgl. 4.95 € Versandkosten.",lieferbar innerhalb von 2-5 Werktagen,2023-05-02 23:55:24.741475,-,"Hinweis zur Aufbewahrung: Bitte trocken lagern, vor Wärme schützen.","Verantwortliches Lebensmittelunternehmen:
Alnatura GmbH, Mahatma-Gandhi-Straße 7, 64295 Darmstadt","Zutatenverzeichnis: HAFERVOLLKORNFLOCKEN*, DINKELVOLLKORNFLOCKEN*¹, Roggenvollkornflocken* *aus Demeter-Landbau ¹Dinkel ist eine Urweizenart . Kann Spuren von ERDNUSS, SOJA, MILCH, MANDEL, NÜSSEN, SESAM und LUPINE enthalten.",1450,344,"4,4","0,8",59,"1,2",12,"0,01",https://www.edeka24.de/Lebensmittel/Fruehstueck-Snacks/Muesli-Cerealien/Alnatura-Bio-3-Korn-Flocken-500G.html,https://www.edeka24.de/out/pictures/generated/product/1/540_540_90/alnatura_bio_3kornflocken_500_g.jpg
1147,Lebensmittel,Frühstück & Snacks,Müsli-Cerealien,Nestle Clusters Chocolate Cerealien 330G,"3,99 €","12,09 €/kg","inkl. MwSt., zzgl. 4.95 € Versandkosten.",lieferbar innerhalb von 2-5 Werktagen,2023-05-02 23:55:28.238943,"Geröstete Getreidekost, teilweise mit Milchschokolade, Schokolade und Mandeln.",Hinweis zur Aufbewahrung: Trocken lagern. Vor Wärme schützen.,"Verantwortliches Lebensmittelunternehmen:
C.P.D. Cereal Partners Deutschland GmbH & Co. OHG D-60523 Frankfurt am Main","Zutatenverzeichnis: 58,9% VOLLKORNWEIZEN, Zucker, 6,8% MILCHSCHOKOLADE, [Zucker, Kakaobutter, VOLLMILCHPULVER, Kakaomasse, MOLKENERZEUGNIS, Emulgator (Lecithine (SOJA)), natürliches Vanillearoma], WEIZENMEHL, Reis, 1,9% fettarmer Kakao, Glukosesirup, 1,7% Schokolade [Kakaomasse, Zucker, Kakaobutter, Emulgator (Lecithine (SOJA)), natürliches Vanillearoma], GERSTENMALZEXTRAKT, enthält Sonnenblumenöl und/oder Palmöl, Invertzuckersirup, Calciumcarbonat, WEIZENFLOCKEN, Salz, HAFERFLOCKEN, 0,4% VOLLKORNHAFERFLOCKEN, Honig, Reismehl, Überzugsmittel (Gummi Arabicum, Polydextrose), natürliche Aromen, Melasse, 0,1% MANDELN, Säureregulator (Natriumphosphate), Emulgator (Lecithine), Eisen, Antioxidationsmittel (stark tocopherolhaltige Extrakte), Niacin, Pantothensäure, Folsäure, Vitamin B6, Riboflavin (Vit. B2). Kann ERDNÜSSE und andere NÜSSE enthalten.",1637,388,"5,7","2,9","71,2","28,3","8,5","0,88",https://www.edeka24.de/Lebensmittel/Fruehstueck-Snacks/Muesli-Cerealien/Nestle-Clusters-Chocolate-Cerealien-330G.html,https://www.edeka24.de/out/pictures/generated/product/1/540_540_90/nestle_clusters_chocolate_cerealien_330g.jpg
1148,Lebensmittel,Frühstück & Snacks,Müsli-Cerealien,Kölln Crunchy Choc-Choc-Choc Hafer-Müsli 400G,"3,89 €","9,73 €/kg","inkl. MwSt., zzgl. 4.95 € Versandkosten.",lieferbar innerhalb von 2-5 Werktagen,2023-05-02 23:55:31.718918,"Knusper-Müsli mit 6% Schokoladen-, 5% Vollmilchschokoladen- und 4% weißen Schokoladenstückchen.",Hinweis zur Aufbewahrung: Vor Wärme geschützt und trocken lagern. Innenbeutel nach dem Öffnen wieder gut verschließen.,"Verantwortliches Lebensmittelunternehmen:
Peter Kölln GmbH & Co. KGaA, Westerstr. 22-24, 25336 Elmshorn","Zutatenverzeichnis: VOLLKORN-HAFERFLOCKEN (47 %), Zucker, Palmöl, WEIZENMEHL, VOLLKORN-WEIZENFLOCKEN (4 %), Glukose-Fruktose Sirup, Kakaomasse*, VOLLKORN-HAFERMEHL (3 %), Kakaobutter*, VOLLMILCHPULVER, fettarmes Kakaopulver*, MAGERMILCHPULVER, GERSTENMALZEXTRAKT, Maisstärke, Speisesalz, Emulgator Lecithine, natürliches Aroma (enthält MILCH). Kann SCHALENFRÜCHTE enthalten. *Rainforest Alliance-zertifiziert",1924,458,17,"7,7",65,23,"8,4","0,22",https://www.edeka24.de/Lebensmittel/Fruehstueck-Snacks/Muesli-Cerealien/Koelln-Crunchy-Choc-Choc-Choc-Hafer-Muesli-400G.html,https://www.edeka24.de/out/pictures/generated/product/1/540_540_90/kamp246lln_crunchy_chocchocchoc_hafermamp252sli_400g.jpg
1149,Lebensmittel,Frühstück & Snacks,Müsli-Cerealien,Dr.Oetker Vitalis Knusper Honeys 600G,"2,99 €","4,98 €/kg","inkl. MwSt., zzgl. 4.95 € Versandkosten.",lieferbar innerhalb von 2-5 Werktagen,2023-05-02 23:55:35.042152,Knusper Müsli mit Honig,Hinweis zur Aufbewahrung: Bitte den Innenbeutel nach dem Öffnen wieder gut verschließen.,"Verantwortliches Lebensmittelunternehmen:
Dr. August Oetker Nahrungsmittel KG, Lutterstraße 14, D-33617 Bielefeld","Zutatenverzeichnis: 41% Vollkorn-HAFERFLOCKEN, Zucker, 11% Vollkorn-WEIZENPOPS (gepuffte Vollkorn-WEIZENKÖRNER), Palmöl, WEIZENMEHL, Reismehl,3,3% Honig, 3,1% getrocknete Kokosraspeln, Glukosesirup, Salz, fettarmer Kakao, getrockneter GERSTENMALZEXTRAKT, Aroma Vanillin, Kann Spuren von SCHALENFRÜCHTEN (NÜSSEN) enthalten",1851,440,14,"5,9",68,29,"7,9","0,49",https://www.edeka24.de/Lebensmittel/Fruehstueck-Snacks/Muesli-Cerealien/Dr-Oetker-Vitalis-Knusper-Honeys-600G.html,https://www.edeka24.de/out/pictures/generated/product/1/540_540_90/droetker_vitalis_knusper_honeys.jpg
1150,Lebensmittel,Frühstück & Snacks,Müsli-Cerealien,Dr.Oetker Vitalis Schoko Müsli weniger süß 600G,"2,99 €","4,98 €/kg","inkl. MwSt., zzgl. 4.95 € Versandkosten.",lieferbar innerhalb von 2-5 Werktagen,2023-05-02 23:55:38.176459,Schoko Müsli weniger süß,Hinweis zur Aufbewahrung: Bitte den Innenbeutel nach dem Öffnen wieder gut verschließen.,"Verantwortliches Lebensmittelunternehmen:
DR. AUGUST OETKER NAHRUNGSMITTEL KG, 33547 Bielefeld","Zutatenverzeichnis: 68% Vollkorn-HAFERFLOCKEN, 9,0% Schokolade (Zucker, Kakaomasse, Kakaobutter, Emulgator (Lecithine)), 9,0% VOLLMILCHSCHOKOLADE (Zucker, VOLLMILCHPULVER, Kakaomasse, Kakaobutter, SÜSSMOLKENPULVER, Emulgator (Lecithine)), WEIZENVOLLKORNMEHL, 3,0% MANDELSTÜCKE, Zucker, Reismehl, fettarmes Kakaopulver, getrockneter GERSTENMALZEXTRAKT, WEIZENGLUTEN, MAGERMILCHPULVER, Palmöl, Salz, Aroma, Kann enthalten: (weitere SCHALENFRÜCHTE (NÜSSE))",1702,405,12,"3,9",59,14,12,"0,18",https://www.edeka24.de/Lebensmittel/Fruehstueck-Snacks/Muesli-Cerealien/Dr-Oetker-Vitalis-Schoko-Muesli-weniger-suess-600G.html,https://www.edeka24.de/out/pictures/generated/product/1/540_540_90/oevitalis_schokmuewzu600g.jpg
1151,Lebensmittel,Frühstück & Snacks,Müsli-Cerealien,Alnatura Bio Dinkelflocken Feinblatt 500G,"2,19 €","4,38 €/kg","inkl. MwSt., zzgl. 4.95 € Versandkosten.",lieferbar innerhalb von 2-5 Werktagen,2023-05-02 23:55:41.857307,-,"Hinweis zur Aufbewahrung: Bitte trocken lagern, vor Wärme schützen.","Verantwortliches Lebensmittelunternehmen:
Alnatura GmbH, Mahatma-Gandhi-Straße 7, 64295 Darmstadt","Zutatenverzeichnis: DINKELVOLLKORNFLOCKEN*¹ *aus Demeter-Landbau ¹Dinkel ist eine Urweizenart. Kann Spuren von ERDNUSS, SOJA, MILCH, MANDEL, NÜSSEN, SESAM und LUPINE enthalten.",1489,352,"2,6","0,2",64,"1,7",14,"0,01",https://www.edeka24.de/Lebensmittel/Fruehstueck-Snacks/Muesli-Cerealien/Alnatura-Bio-Dinkelflocken-Feinblatt-500G.html,https://www.edeka24.de/out/pictures/generated/product/1/540_540_90/alnatura_bio_dinkelflocken_feinbaltt.jpg
1152,Lebensmittel,Frühstück & Snacks,Müsli-Cerealien,Bauckhof Demeter Bio Haferflocken Kleinblatt 500G,"2,49 €","4,98 €/kg","inkl. MwSt., zzgl. 4.95 € Versandkosten.",lieferbar innerhalb von 2-5 Werktagen,2023-05-02 23:55:45.210937,Bauck Demeter Haferflocken Kleinblatt,Hinweis zur Aufbewahrung: Bitte kühl und trocken lagern.,"Verantwortliches Lebensmittelunternehmen:
Bauck GmbH,, Duhenweitz 4, D-29571 Rosche","Zutatenverzeichnis: HAFERVOLLKORNFLOCKEN** * = Zutaten aus ökol. Landbau, ** = Zutaten aus biol.dynamischem Anbau",1560,370,"6,7","1,1",60,"0,8",13,"0,01",https://www.edeka24.de/Lebensmittel/Fruehstueck-Snacks/Muesli-Cerealien/Bauckhof-Demeter-Bio-Haferflocken-Kleinblatt-500G.html,https://www.edeka24.de/out/pictures/generated/product/1/540_540_90/demeter_bauckhof_haferflocken_kleinblatt_500g.jpg
1153,Lebensmittel,Frühstück & Snacks,Müsli-Cerealien,Nestle Cini-Minis Churros 360G,"3,99 €","11,08 €/kg","inkl. MwSt., zzgl. 4.95 € Versandkosten.",lieferbar innerhalb von 2-5 Werktagen,2023-05-02 23:55:49.129110,Geröstete Getriedekost mit Zimtgeschmack,Hinweis zur Aufbewahrung: Trocken lagern. Vor Wärme schützen.,"Verantwortliches Lebensmittelunternehmen:
C.P.D. Cereal Partners Deutschland GmbH & Co. OHG, 60523 Frankfurt am Main","Zutatenverzeichnis: 42,4% VOLLKORNWEIZENMEHL, 32,6% Reismehl, Zucker, Sonnenblumenöl, Füllstoff (Calciumcarbonat), Salz, 0,4% Zimt, Antioxidationsmittel (stark tocopherolhaltige Extrakte), Farbstoff (Carotin), natürliche Aromen, Eisen, Niacin, Folsäure, Vitamin B6, Thiamin (Vit. B1), Riboflavin (Vit. B2). Kann MILCH enthalten.",1668,395,"5,8","0,7","75,8","24,8","7,3",1,https://www.edeka24.de/Lebensmittel/Fruehstueck-Snacks/Muesli-Cerealien/Nestle-Cini-Minis-Churros-360G.html,https://www.edeka24.de/out/pictures/generated/product/1/540_540_90/nestle_ciniminis_churros_cerealien_360g.jpg
1154,Lebensmittel,Frühstück & Snacks,Müsli-Cerealien,Dr.Oetker Vitalis Roasted Müsli Schoko-Nuss 450G,"2,99 €","6,64 €/kg","inkl. MwSt., zzgl. 4.95 € Versandkosten.",lieferbar innerhalb von 2-5 Werktagen,2023-05-02 23:55:52.811950,Geröstetes Müsli mit Vollmilchschokolade und gerösteten Haselnüssen,"Hinweis zur Aufbewahrung: Kühl und trocken lagern., Bitte den Innenbeutel nach dem Öffnen wieder gut verschließen.","Verantwortliches Lebensmittelunternehmen:
Dr. August Oetker Nahrungsmittel KG, Lutterstraße 14, D-33617 Bielefeld","Zutatenverzeichnis: 65% Vollkorn-HAFERFLOCKEN, 10% VOLLMILCHSCHOKOLADE (Zucker, VOLLMILCHPULVER, Kakaomasse, Kakaobutter, SÜSSMOLKENPULVER, Emulgator (Lecithine)), WEIZENFLAKES (WEIZEN, Salz, Zucker, GERSTENMALZEXTRAKT), Zucker, 4,3% Honig, Oligofruktose, Palmöl, 3,5% geröstete HASELNUSS-Stücke, Salz, Kann enthalten: (weitere SCHALENFRÜCHTE (NÜSSE))",439,1844,14,"4,4",62,17,10,"0,52",https://www.edeka24.de/Lebensmittel/Fruehstueck-Snacks/Muesli-Cerealien/Dr-Oetker-Vitalis-Roasted-Muesli-Schoko-Nuss-450G.html,https://www.edeka24.de/out/pictures/generated/product/1/540_540_90/dr.oetkerroastedmslischoko-nuss.jpg
1155,Lebensmittel,Frühstück & Snacks,Müsli-Cerealien,Dr.Oetker Vitalis Knusper Schoko + Keks Müsli 450G,"2,99 €","6,64 €/kg","inkl. MwSt., zzgl. 4.95 € Versandkosten.",lieferbar innerhalb von 2-5 Werktagen,2023-05-02 23:55:56.427145,Knusper Müsli mit Vollkornweizen-Butterkeksen und Schokolade,Hinweis zur Aufbewahrung: Bitte den Innenbeutel nach dem Öffnen wieder gut verschließen.,"Verantwortliches Lebensmittelunternehmen:
Dr. August Oetker Nahrungsmittel KG, Lutterstraße 14, D-33617 Bielefeld","Zutatenverzeichnis: 33% Vollkorn-HAFERFLOCKEN, 17% Vollkorn-WEIZENFLOCKEN, Zucker, 10% VOLLKORNWEIZEN-BUTTERKEKSE (53% WEIZENVOLLKORNMEHL, Zucker, 9,7% BUTTER, WEIZENGLUTEN, WEIZENSTÄRKE, Glukosesirup, VOLLMILCHPULVER, Salz, SÜSSMOLKENPULVER, natürliches Aroma), 9,0% VOLLMILCHSCHOKOLADE (Zucker, VOLLMILCHPULVER, Kakaomasse, Kakaobutter, SÜSSMOLKENPULVER, Emulgator (Lecithine), Aroma Vanillin), Palmöl, 5,0% Schokolade (Zucker, Kakaomasse, Kakaobutter, Emulgator (Lecithine), Aroma Vanillin), Glukosesirup, WEIZENMEHL, Honig, Reismehl, WEIZENVOLLKORNMEHL, Salz, WEIZENKEIME, getrockneter GERSTENMALZEXTRAKT, MAGERMILCHPULVER, Aroma, Kann Spuren von SCHALENFRÜCHTEN (NÜSSEN) enthalten",1880,448,15,"6,5",65,26,"8,7","0,42",https://www.edeka24.de/Lebensmittel/Fruehstueck-Snacks/Muesli-Cerealien/Dr-Oetker-Vitalis-Knusper-Schoko-Keks-Muesli-450G.html,https://www.edeka24.de/out/pictures/generated/product/1/540_540_90/droetker_vitalis_knusper_schoko_keks_msli.jpg
1156,Lebensmittel,Frühstück & Snacks,Müsli-Cerealien,Alnatura Bio Nuss Hafer Crunchy 375G,"3,59 €","9,57 €/kg","inkl. MwSt., zzgl. 4.95 € Versandkosten.",lieferbar innerhalb von 2-5 Werktagen,2023-05-02 23:56:00.036905,Bio Hafer-Knusper-Müsli mit Haselnuss-Mandel-Cashew-Mischung,Hinweis zur Aufbewahrung: Bitte trocken lagern und vor Wärme schützen.,"Verantwortliches Lebensmittelunternehmen:
Alnatura GmbH, Mahatma-Gandhi-Straße 7, 64295 Darmstadt","Zutatenverzeichnis: HAFERVOLLKORNFLOCKEN* 58 %, Reissirup* 25 %, HASELNÜSSE* 8 %, Sonnenblumenöl*, MANDELN* 3,5 %, Reis* gepufft, CASHEWNÜSSE* 2,9 %, Kokosraspel*, Meersalz *aus biologischer Landwirtschaft . Kann Spuren von MILCH und SESAM enthalten.",2034,486,22,"2,7",59,15,"9,6","0,22",https://www.edeka24.de/Lebensmittel/Fruehstueck-Snacks/Muesli-Cerealien/Alnatura-Bio-Nuss-Hafer-Crunchy-375G.html,https://www.edeka24.de/out/pictures/generated/product/1/540_540_90/alnatura_bio_nuss_crunchy_375g.jpg
1157,Lebensmittel,Frühstück & Snacks,Müsli-Cerealien,Bauckhof Demeter Bio Haferflocken Großblatt 500G,"2,49 €","4,98 €/kg","inkl. MwSt., zzgl. 4.95 € Versandkosten.",lieferbar innerhalb von 2-5 Werktagen,2023-05-02 23:56:03.605060,-,Hinweis zur Aufbewahrung: Bitte kühl und trocken lagern.,"Verantwortliches Lebensmittelunternehmen:
Bauck GmbH,, Duhenweitz 4, D-29571 Rosche","Zutatenverzeichnis: HAFERVOLLKORNFLOCKEN** * = Zutaten aus ökol. Landbau, ** = Zutaten aus biol.dynamischem Anbau,",1560,370,"6,7","1,1",60,"0,8",13,"0,01",https://www.edeka24.de/Lebensmittel/Fruehstueck-Snacks/Muesli-Cerealien/Bauckhof-Demeter-Bio-Haferflocken-Grossblatt-500G.html,https://www.edeka24.de/out/pictures/generated/product/1/540_540_90/demeter_bauckhof_haferflocken_groamp223blatt_500g.jpg
1158,Lebensmittel,Frühstück & Snacks,Müsli-Cerealien,3 Bears Porridge Mohnige Banane 400G,"5,79 €","14,48 €/kg","inkl. MwSt., zzgl. 4.95 € Versandkosten.",lieferbar innerhalb von 2-5 Werktagen,2023-05-02 23:56:06.692806,Porridge (Hafermahlzeit) mit Banane und Mohn,Hinweis zur Aufbewahrung: Kühl und trocken lagern.,"Verantwortliches Lebensmittelunternehmen:
3 Bears Foods GmbH, D-81541 München","Zutatenverzeichnis: VOLLKORN-HAFERFLOCKEN, 23% getrocknete Bananenstücke, 10% Bananenflocken, 6% Blaumohn, Reismehl. Kann Spuren von SESAM, MILCH, SELLERIE, SOJA, EI und SENF erhalten.",1551,355,"6,8","1,1",62,19,11,"0,07",https://www.edeka24.de/Lebensmittel/Fruehstueck-Snacks/Muesli-Cerealien/3-Bears-Porridge-Mohnige-Banane-400G.html,https://www.edeka24.de/out/pictures/generated/product/1/540_540_90/3beersmohnigebabane.jpg
1159,Lebensmittel,Frühstück & Snacks,Müsli-Cerealien,Kölln Knusprige Haferfleks Schoko 375G,"3,29 €","8,77 €/kg","inkl. MwSt., zzgl. 4.95 € Versandkosten.",lieferbar innerhalb von 2-5 Werktagen,2023-05-02 23:56:10.453098,"Knusprige Vollkorn-Hafercerealie mit 2,5% Vollmilchschokolade",Hinweis zur Aufbewahrung: Vor Wärme geschützt und trocken lagern. Beutel nach dem Öffnen wieder gut verschließen.,"Verantwortliches Lebensmittelunternehmen:
Peter Kölln GmbH & Co. KGaA, 25333 Elmshorn, Deutschland","Zutatenverzeichnis: VOLLKORN-HAFERMEHL (65 %), Zucker, Dextrose, WEIZENMEHL, Maisstärke, Glukosesirup, Kakaopulver, Kakaobutter, Kakaomasse, VOLLMILCHPULVER, SÜSSMOLKENPULVER, Zimt, Speisesalz, Emulgator Lecithine. Kann SCHALENFRÜCHTE enthalten.",1666,394,"5,2","1,7",73,27,10,1,https://www.edeka24.de/Lebensmittel/Fruehstueck-Snacks/Muesli-Cerealien/Koelln-Knusprige-Haferfleks-Schoko-375G.html,https://www.edeka24.de/out/pictures/generated/product/1/540_540_90/kamp246lln_knusprige_haferfleks_schoko_375g.jpg
1160,Lebensmittel,Frühstück & Snacks,Müsli-Cerealien,Kölln Knusprige Haferkissen Zimt 275G,"3,19 €","11,60 €/kg","inkl. MwSt., zzgl. 4.95 € Versandkosten.",lieferbar innerhalb von 2-5 Werktagen,2023-05-02 23:56:13.923915,Knusprige Hafercerealie mit Zimt,Hinweis zur Aufbewahrung: Vor Wärme geschützt und trocken lagern. Beutel nach dem Öffnen wieder gut verschließen.,"Verantwortliches Lebensmittelunternehmen:
Peter Kölln GmbH & Co. KGaA, 25333 Elmshorn, Deutschland","Zutatenverzeichnis: VOLLKORN-HAFERMEHL (66%), Zucker, WEIZENKLEIE, WEIZENMEHL, GERSTENMALZEXTRAKT, Glukosesirup, Kakaobutter, VollMILCHpulver, Zimt (0,5%), Backtriebmittel Kaliumhydrogencarbonat, Speisesalz, Emulgator Lecithine, Bourbon-Vanille-Extrakt. Kann SCHALENFRÜCHTE enthalten.",1602,380,6,"1,1",63,20,12,"0,75",https://www.edeka24.de/Lebensmittel/Fruehstueck-Snacks/Muesli-Cerealien/Koelln-Knusprige-Haferkissen-Zimt-275G.html,https://www.edeka24.de/out/pictures/generated/product/1/540_540_90/kamp246lln_knusprige_haferkissen_zimt_275g.jpg
1161,Lebensmittel,Frühstück & Snacks,Müsli-Cerealien,Schär Fruit Müsli 375G,"4,29 €","11,44 €/kg","inkl. MwSt., zzgl. 4.95 € Versandkosten.",lieferbar innerhalb von 2-5 Werktagen,2023-05-02 23:56:17.792838,Glutenfreies Früchtemüsli. Speziell formuliert für Menschen mit Glutenunverträglichkeit.,Hinweis zur Aufbewahrung: Bei Raumtemperatur trocken lagern.,"Verantwortliches Lebensmittelunternehmen:
Dr. Schär AG/SPA, Winkelau 9, 39014 Burgstall/Postal (BZ) Italy","Zutatenverzeichnis: SOJAFLOCKEN, Maisflocken (Mais, Salz, Emulgator: Sonnenblumenlecithin), Rosinen 22% (Rosinen, Sonnenblumenöl), Buchweizenflocken 19% (Buchweizenmehl, Maismehl, Zucker, Glukosesirup, Salz), Dattelwürfel 10% (Datteln, Reismehl), Apfelstücke 2%, Preiselbeeren 1% (Preiselbeeren, Ananassaftkonzentrat, Ananassirup, Sonnenblumenöl), Amaranthflocken 0,5%, MANDELN 0,5%. Kann Spuren von Milch und Haselnüssen enthalten.",1541,365,"5,9","0,7",61,26,13,"0,75",https://www.edeka24.de/Lebensmittel/Fruehstueck-Snacks/Muesli-Cerealien/Schaer-Fruit-Muesli-375G.html,https://www.edeka24.de/out/pictures/generated/product/1/540_540_90/schr_fruit_msli_glutenfrei_375g.jpg
1162,Lebensmittel,Frühstück & Snacks,Müsli-Cerealien,Kölln Instant Haferflocken 250G,"2,19 €","8,76 €/kg","inkl. MwSt., zzgl. 4.95 € Versandkosten.",lieferbar innerhalb von 2-5 Werktagen,2023-05-02 23:56:22.120642,Lösliche Vollkorn-Haferflocken,Hinweis zur Aufbewahrung: Vor Wärme geschützt und trocken lagern.,"Verantwortliches Lebensmittelunternehmen:
Peter Kölln KGaA, D-25333 Elmshorn",Zutatenverzeichnis: 100% VOLLKORN-HAFER,364,1533,7,"1,5",57,"1,2",13,0,https://www.edeka24.de/Lebensmittel/Fruehstueck-Snacks/Muesli-Cerealien/Koelln-Instant-Haferflocken-250G.html,https://www.edeka24.de/out/pictures/generated/product/1/540_540_90/klln_balance_instant_flocken_250_g.jpg
1163,Lebensmittel,Frühstück & Snacks,Müsli-Cerealien,3 Bears Porridge Zimtiger Apfel 400G,"5,79 €","14,48 €/kg","inkl. MwSt., zzgl. 4.95 € Versandkosten.",lieferbar innerhalb von 2-5 Werktagen,2023-05-02 23:56:25.530562,Porridge (Hafermahlzeit) mit Apfel und Zimt.,Hinweis zur Aufbewahrung: Kühl und trocken lagern.,"Verantwortliches Lebensmittelunternehmen:
3 Bears Foods GmbH, D-81541 München","Zutatenverzeichnis: VOLLKORN-HAFERFLOCKEN, 24% getrocknete Apfelstücke, 7% Apfelmehl, 2% Zimt, Reismehl.",346,1454,"5,2","0,9",60,19,"9,4","0,08",https://www.edeka24.de/Lebensmittel/Fruehstueck-Snacks/Muesli-Cerealien/3-Bears-Porridge-Zimtiger-Apfel-400G.html,https://www.edeka24.de/out/pictures/generated/product/1/540_540_90/3beerszimtigerapfel.jpg
1164,Lebensmittel,Frühstück & Snacks,Müsli-Cerealien,Bauckhof Demeter Bio Müzli Knusperzart Dinkel 425G,"4,29 €","10,09 €/kg","inkl. MwSt., zzgl. 4.95 € Versandkosten.",lieferbar innerhalb von 2-5 Werktagen,2023-05-02 23:56:29.882983,-,Hinweis zur Aufbewahrung: Bitte kühl und trocken lagern.,"Verantwortliches Lebensmittelunternehmen:
Bauck GmbH,, Duhenweitz 4, D-29571 Rosche","Zutatenverzeichnis: DINKELVOLLKORNFLOCKEN**, DINKELFLAKES** (DINKEL**, Rohrohrzucker**, Meersalz, GERSTENMALZEXTRAKT**), DINKEL-CRUNCHY* (DINKELVOLLKORNFLOCKEN*, Rohrohrzucker*, Palmfett*, Reis*, DINKELVOLLKORNMEHL*, Kokosraspeln*, GERSTENMALZ*, Maissirup*, Meersalz), Sonnenblumenkerne**, Leinsaat** * = Zutaten aus ökol. Landbau, ** = Zutaten aus biol.dynamischem Anbau",1552,368,"5,4","1,3",59,3,16,"0,24",https://www.edeka24.de/Lebensmittel/Fruehstueck-Snacks/Muesli-Cerealien/Bauckhof-Demeter-Bio-Muezli-Knusperzart-Dinkel-425G.html,https://www.edeka24.de/out/pictures/generated/product/1/540_540_90/demeter_bauckhof_dinkel_mamp252sli_knusperzart_425g.jpg
1165,Lebensmittel,Frühstück & Snacks,Müsli-Cerealien,Kölln Knusprige Haferkissen Klassik 300G,"3,19 €","10,63 €/kg","inkl. MwSt., zzgl. 4.95 € Versandkosten.",lieferbar innerhalb von 2-5 Werktagen,2023-05-02 23:56:33.437904,Knusprige Hafercerealie,Hinweis zur Aufbewahrung: Vor Wärme geschützt und trocken lagern. Beutel nach dem Öffnen wieder gut verschließen.,"Verantwortliches Lebensmittelunternehmen:
Peter Kölln GmbH & Co. KGaA, 25333 Elmshorn, Deutschland","Zutatenverzeichnis: VOLLKORN-HAFERMEHL (70%), Zucker, WEIZENKLEIE, WEIZENMEKL, GERSTENMALZEXTRAKT, Glukosesirup, Backtriebmittel Kaliumhydrogencarbonat, Speisesalz. Kann SCHALENFRÜCHTE und MILCH enthalten.",1605,381,"5,7",1,65,15,11,"0,76",https://www.edeka24.de/Lebensmittel/Fruehstueck-Snacks/Muesli-Cerealien/Koelln-Knusprige-Haferkissen-Klassik-300G.html,https://www.edeka24.de/out/pictures/generated/product/1/540_540_90/kamp246lln_knusprige_haferkissen_klassik_300g.jpg
1166,Lebensmittel,Frühstück & Snacks,Müsli-Cerealien,Schär Choco Müsli 375G,"4,29 €","11,44 €/kg","inkl. MwSt., zzgl. 4.95 € Versandkosten.",lieferbar innerhalb von 2-5 Werktagen,2023-05-02 23:56:37.531593,Glutenfreies Schokomüsli. Speziell formuliert für Menschen mit Glutenunverträglichkeit.,Hinweis zur Aufbewahrung: Bei Raumtemperatur trocken lagern Das Produkt ist im Falle einer Allergie auf das Protein AVENIN zum Verzehr nicht geeignet,"Verantwortliches Lebensmittelunternehmen:
Dr. Schär AG/SPA, Winkelau 9, 39014 Burgstall/Postal (BZ) Italy","Zutatenverzeichnis: Glutenfreie HAFERFLOCKEN 25%, Maismehl, SOJAFLOCKEN, MILCHSCHOKOLADE 10% (Zucker, Kakaobutter, VOLLMILCHPULVER, Kakaomasse, Emulgator: SOJALECITHIN; natürliches Vanillearoma),Zartbitterschokolade 10% (Zucker, Kakaomasse, Kakaobutter, Emulgator: SOJALECITHIN; natürliches Vanillearoma), Vollreismehl, Zucker, Buchweizenmehl, Vollhirsemehl 1,5%, Magerkakaopulver, Amaranthflocken 0,5%, MANDELN 0,5%, Salz, Glucosesirup, Emulgator: Sonnenblumenlecithin. Kann Spuren von HASELNÜSSEN und WALNÜSSEN enthalten. Das Produkt ist im Falle einer Allergie auf das Protein Avenin zum Verzehr nicht geeignet.",1785,425,14,"5,9",58,16,13,"0,37",https://www.edeka24.de/Lebensmittel/Fruehstueck-Snacks/Muesli-Cerealien/Schaer-Choco-Muesli-375G.html,https://www.edeka24.de/out/pictures/generated/product/1/540_540_90/schr_choco_msli_375g.jpg
1167,Lebensmittel,Frühstück & Snacks,Müsli-Cerealien,Bauckhof Demeter Bio Müzli Früchtetraum Hafer ungesüßt 425G,"4,29 €","10,09 €/kg","inkl. MwSt., zzgl. 4.95 € Versandkosten.",lieferbar innerhalb von 2-5 Werktagen,2023-05-02 23:56:40.995698,-,Hinweis zur Aufbewahrung: Bitte kühl und trocken lagern.,"Verantwortliches Lebensmittelunternehmen:
Bauck GmbH, Duhenweitz 4, D-29571 Rosche","Zutatenverzeichnis: HAFERVOLLKORNFLOCKEN** 63%, Trockenfrüchte* 27% (Sultaninen**, Feigenstücke**, Aprikosenstücke**, Apfelstücke**, Erdbeerstücke*, Reismehl*, Sonnenblumenöl*), Cornflakes* (Mais*, Trennmittel: Sonnenblumenlecithin), Leinsaat**. Kann produktionsbedingt Spuren von anderen GLUTENHALTIGEN GETREIDEARTEN, NÜSSEN und SESAM enthalten. *aus kontrolliert biologischem Anbau ** aus biologisch-dynamischem Anbau (74%)",1497,355,"5,6","0,9",60,16,10,"0,02",https://www.edeka24.de/Lebensmittel/Fruehstueck-Snacks/Muesli-Cerealien/Bauckhof-Demeter-Bio-Muezli-Fruechtetraum-Hafer-ungesuesst-425G.html,https://www.edeka24.de/out/pictures/generated/product/1/540_540_90/bauckhoffrchtetraumhafer.jpg
1168,Lebensmittel,Frühstück & Snacks,Müsli-Cerealien,Schär Corn Flakes High in Vitamin B 250G,"2,29 €","9,16 €/kg","inkl. MwSt., zzgl. 4.95 € Versandkosten.",lieferbar innerhalb von 2-5 Werktagen,2023-05-02 23:56:45.092847,Glutenfreie Corn Flakes. Speziell formuliert für Menschen mit Glutenunverträglichkeit.,Hinweis zur Aufbewahrung: Bei Raumtemperatur trocken lagern.,"Verantwortliches Lebensmittelunternehmen:
Dr. Schär AG/SPA, Winkelau 9, 39014 Burgstall/Postal (BZ) Italy","Zutatenverzeichnis: Mais, Zucker, Salz, Emulgator: Sonnenblumenlecithin, Vitamine (Niacin, Pantothensäure, Vitamin B6, Riboflavin, Thiamin, Folsäure, Biotin, Vitamin B12).",1573,371,1,0,80,"4,2",8,"1,8",https://www.edeka24.de/Lebensmittel/Fruehstueck-Snacks/Muesli-Cerealien/Schaer-Corn-Flakes-High-in-Vitamin-B-250G.html,https://www.edeka24.de/out/pictures/generated/product/1/540_540_90/drschaer_cornflakes_vita250g.jpg
1169,Lebensmittel,Frühstück & Snacks,Müsli-Cerealien,Kölln Bio 5-Korn Schmelzflocken 225G,"1,89 €","8,40 €/kg","inkl. MwSt., zzgl. 4.95 € Versandkosten.",lieferbar innerhalb von 2-5 Werktagen (geringer Lagerbestand),2023-05-02 23:56:48.730744,Leicht lösliche Bio-Vollkornflocken 5-Korn,"Hinweis zur Aufbewahrung: Für Babys ab dem 6.Lebensmonat. Kölln Schmelzflocken® sind hauchzarte, leicht lösliche 5-Korn-Vollkornflocken. Für die Herstellung von Kölln Schmelzflocken verwenden wir ausschließlich Getreide aus ökologischem Anbau. Vor Wärme geschützt und trocken lagern. Den geöffneten Beutel nach Produktentnahme wieder verschließen, trocken und hygienisch aufbewahren. Inhalt innerhalb von 3-4 Wochen aufbrauchen.","Verantwortliches Lebensmittelunternehmen:
Peter Kölln GmbH & Co.KGaA, 25333 Elmshorn, Deutschland","Zutatenverzeichnis: VOLLKORN-HAFER, VOLLKORN-WEIZEN, VOLLKORN-ROGGEN, VOLLKORN-GERSTE, VOLLKORN-DINKEL, Thiamin (Vitamin B1) 100 % Vollkorngetreide aus ökologischem Anbau",1492,353,"4,4","0,9",63,"2,1",11,0,https://www.edeka24.de/Lebensmittel/Fruehstueck-Snacks/Muesli-Cerealien/Koelln-Bio-5-Korn-Schmelzflocken-225G.html,https://www.edeka24.de/out/pictures/generated/product/1/540_540_90/bio_kamp246lln_schmelzflocken_5korn_225g.jpg
1170,Lebensmittel,Frühstück & Snacks,Müsli-Cerealien,Kölln Bio Schmelzflocken Nach dem 4.Monat 250G,"1,89 €","7,56 €/kg","inkl. MwSt., zzgl. 4.95 € Versandkosten.",lieferbar innerhalb von 2-5 Werktagen,2023-05-02 23:56:52.758148,Leicht lösliche Bio-Vollkorn-Haferflocken,Hinweis zur Aufbewahrung: Vor Wärme geschützt und trocken lagern. Packung nach dem Öffnen wieder gut verschließen. Trocken und hygienisch aufbewahren und innerhalb von 3-4 Wochen aufbrauchen.,"Verantwortliches Lebensmittelunternehmen:
Peter Kölln GmbH & Co.KGaA, 25333 Elmshorn, Deutschland","Zutatenverzeichnis: VOLLKORN-HAFER, Thiamin (Vitamin B1) 100% Vollkorngetreide aus ökologischem Anbau",1541,366,"6,8","1,3",60,"1,2",12,0,https://www.edeka24.de/Lebensmittel/Fruehstueck-Snacks/Muesli-Cerealien/Koelln-Bio-Schmelzflocken-Nach-dem-4-Monat-250G.html,https://www.edeka24.de/out/pictures/generated/product/1/540_540_90/klln_bio_schmelzflocken_nach_dem_4monat_250_g.jpg
1171,Lebensmittel,Frühstück & Snacks,Müsli-Cerealien,3 Bears Porridge Fruchtige Kokosnuss 400G,"5,79 €","14,48 €/kg","inkl. MwSt., zzgl. 4.95 € Versandkosten.",lieferbar innerhalb von 2-5 Werktagen,2023-05-02 23:56:56.342495,Porridge (Hafermahlzeit) mit Früchten und Kokosnuss,Hinweis zur Aufbewahrung: Kühl und trocken lagern.,"Verantwortliches Lebensmittelunternehmen:
3 Bears Foods GmbH, D-81541 München","Zutatenverzeichnis: VOLLKORN-HAFERFLOCKEN, 12% getrocknete Dattelstücke, 10% Kokosnuss, 9% getrocknete Aprikosenstücke, 9% getrocknete Feigenstücke, Reismehl. Kann Spuren von MILCH, SELLERIE, SOJA, EI und SENF enthalten.",375,1570,11,"7,3",54,16,"9,8","0,05",https://www.edeka24.de/Lebensmittel/Fruehstueck-Snacks/Muesli-Cerealien/3-Bears-Porridge-Fruchtige-Kokosnuss-400G.html,https://www.edeka24.de/out/pictures/generated/product/1/540_540_90/3beersfruchtigekokosnuss.jpg
1172,Lebensmittel,Frühstück & Snacks,Müsli-Cerealien,Bauckhof Demeter Bio Müzli Schokoknusper Hafer 425G,"4,29 €","10,09 €/kg","inkl. MwSt., zzgl. 4.95 € Versandkosten.",lieferbar innerhalb von 2-5 Werktagen,2023-05-02 23:57:00.613099,Bio Hafermüsli Schokoknusper mit 6% Zartbitter-Schokolade und 4% Vollmilch-Schokolade,Hinweis zur Aufbewahrung: Bitte kühl und trocken lagern.,"Verantwortliches Lebensmittelunternehmen:
Bauck GmbH, Duhenweitz 4, D-29571 Rosche","Zutatenverzeichnis: HAFERVOLLKORNFLOCKEN** 70%, Schokocornflakes* (Mais*, Rohrohrzucker*, Kakaobutter*, Kakaomasse*, VOLLMILCHPULVER*, Überzugsmittel: Gummi Arabicum*, Maismalz*, Meersalz), Cornflakes (Mais*, Trennmittel: Sonnenblumenlecithin), Schokoblätter Zartbitter* (Rohrohrzucker*, Kakaomasse*, Kakaobutter*, Emulgator: Sonnenblumenlecithin*), Leinsaat**, Kakaopulver*. Kann produktionsbedingt Spuren von anderen GLUTENHALTIGEN GETREIDEARTEN, NÜSSEN und SESAM enthalten. *aus kontrolliert biologischem Anbau ** aus biologisch-dynamischem Anbau (74%)",1647,391,"9,7",3,59,"6,5",12,"0,11",https://www.edeka24.de/Lebensmittel/Fruehstueck-Snacks/Muesli-Cerealien/Bauckhof-Demeter-Bio-Muezli-Schokoknusper-Hafer-425G.html,https://www.edeka24.de/out/pictures/generated/product/1/540_540_90/bauckhofschokoknusperhafer.jpg
1173,Lebensmittel,Frühstück & Snacks,Müsli-Cerealien,Alnatura Bio Dinkel Basis Müsli 500G,"3,29 €","6,58 €/kg","inkl. MwSt., zzgl. 4.95 € Versandkosten.",lieferbar innerhalb von 2-5 Werktagen,2023-05-02 23:57:05.265679,Bio Müsli aus Dinkelflocken und -flakes mit Saaten,Hinweis zur Aufbewahrung: Bitte trocken lagern und vor Wärme schützen.,"Verantwortliches Lebensmittelunternehmen:
Alnatura Produktions- und Handels GmbH, Mahatma-Gandhi-Str. 7, 64295 Darmstadt","Zutatenverzeichnis: DINKELFLOCKEN*¹ 85%, DINKELFLAKES*¹ 10 %, Sonnenblumenkerne*, Kürbiskerne*. Kann Spuren von SOJA, MANDEL, NÜSSEN und SESAM enthalten. *aus biologischer Landwirtschaft ¹ Dinkel ist eine Urweizenart",1540,365,"5,1","0,7",60,"0,9",15,"0,01",https://www.edeka24.de/Lebensmittel/Fruehstueck-Snacks/Muesli-Cerealien/Alnatura-Bio-Dinkel-Basis-Muesli-500G.html,https://www.edeka24.de/out/pictures/generated/product/1/540_540_90/bio_alnatura_dinkel_basis_mamp252sli_500g.jpg
1174,Lebensmittel,Frühstück & Snacks,Müsli-Cerealien,mymuesli Bio Beeren-Müsli 85G,"2,29 €","26,94 €/kg","inkl. MwSt., zzgl. 4.95 € Versandkosten.",lieferbar innerhalb von 2-5 Werktagen,2023-05-02 23:57:09.863351,"Bio-Früchte-Müsli mit Himbeeren, Erdbeeren und roten Johannisbeeren.",Hinweis zur Aufbewahrung: Bitte bewahre dein Lieblingsmüsli kühl und trocken auf.,"Verantwortliches Lebensmittelunternehmen:
mymuesli AG, 94032 Passau","Zutatenverzeichnis: HAFERFLOCKEN, Hafer-Crunchy (38%) (HAFERFLOCKEN, Reissirup, Sonnenblumenöl, HAFERSCHROT, WEIZENFLOCKEN, gepuffter Reis, Honig, GERSTENFLOCKEN, Zimt), HAFERFLOCKEN, Sonnenblumenkerne (6%), Vollkorn-Cornflakes (Mais), getrocknete Cranberries (3%), Apfeldicksaft, getrocknete Apfelstücke, gefriergetrocknete Himbeeren (1%), gefriergetrocknete Blaubeeren (1%), gefriergetrocknete rote Johannisbeeren (1%), gefriergetrocknete schwarze Johannisbeeren (1%), gefriergetrocknete Erbeerstücke (1%).Kann Spuren von anderen SCHALENFRÜCHTEN, ERDNÜSSEN, SOJA, LUPINEN, SESAM und MILCH enthalten. Alle Zutaten sind aus biologischem Anbau. HAFERFLOCKEN, Hafer-Crunchy (38%) (HAFERFLOCKEN, Reissirup, Sonnenblumenöl, HAFERSCHROT, WEIZENFLOCKEN, gepuffter Reis, Honig, GERSTENFLOCKEN, Zimt), HAFERFLOCKEN, Sonnenblumenkerne (6%), Vollkorn-Cornflakes (Mais), getrocknete Cranberries (3%), Apfeldicksaft, getrocknete Apfelstücke, gefriergetrocknete Himbeeren (1%), gefriergetrocknete Blaubeeren (1%), gefriergetrocknete rote Johannisbeeren (1%), gefriergetrocknete schwarze Johannisbeeren (1%), gefriergetrocknete Erbeerstücke (1%).Kann Spuren von anderen SCHALENFRÜCHTEN, ERDNÜSSEN, SOJA, LUPINEN, SESAM und MILCH enthalten. Alle Zutaten sind aus biologischem Anbau.HAFERFLOCKEN, Hafer-Crunchy (38%) (HAFERFLOCKEN, Reissirup, Sonnenblumenöl, HAFERSCHROT, WEIZENFLOCKEN, gepuffter Reis, Honig, GERSTENFLOCKEN, Zimt), HAFERFLOCKEN, Sonnenblumenkerne (6%), Vollkorn-Cornflakes (Mais), getrocknete Cranberries (3%), Apfeldicksaft, getrocknete Apfelstücke, gefriergetrocknete Himbeeren (1%), gefriergetrocknete Blaubeeren (1%), gefriergetrocknete rote Johannisbeeren (1%), gefriergetrocknete schwarze Johannisbeeren (1%), gefriergetrocknete Erbeerstücke (1%).Kann Spuren von anderen SCHALENFRÜCHTEN, ERDNÜSSEN, SOJA, LUPINEN, SESAM und MILCH enthalten. Alle Zutaten sind aus biologischem Anbau.",1608,383,11,"1,5","56,1","12,6","10,4","0,03",https://www.edeka24.de/Lebensmittel/Fruehstueck-Snacks/Muesli-Cerealien/mymuesli-Bio-Beeren-Muesli-85G.html,https://www.edeka24.de/out/pictures/generated/product/1/540_540_90/mymueslibeere.jpg
1175,Lebensmittel,Frühstück & Snacks,Müsli-Cerealien,Nestle Cini Minis Zimt 375G,"3,99 €","10,64 €/kg","inkl. MwSt., zzgl. 4.95 € Versandkosten.",lieferbar innerhalb von 2-5 Werktagen,2023-05-02 23:57:13.719390,Geröstete Getreidekost mit Zimtgeschmack,Hinweis zur Aufbewahrung: Trocken lagern. Vor Wärme schützen.,"Verantwortliches Lebensmittelunternehmen:
C.P.D. Cereal Partners Deutschland GmbH & Co. OHG, Lyoner Straße 23, D-60523 Frankfurt am Main","Zutatenverzeichnis: Getreide (32,5% VOLLKORNWEIZENMEHL, Reismehl), Zucker, Glukosesirup, Palmöl, Maltodextrin, Stärke, Dextrose, Salz, Zimt, Säureregulator Natriumphosphate, Emulgator Sonnenblumenlecithine, Farbstoff (Ammoniak-Zuckerkulör, Annatto), Aroma, Antioxidationsmittel E306, Vitamine und Mineralstoffe (Niacin, Pantothenat, Vit. B6, Riboflavin [Vit. B2], Thiamin [Vit. B1], Folsäure, Vit. D, Calciumcarbonat, Eisen). Die Prozentangaben zum Vollkornanteil beziehen sich laut Lebensmittelinformationsverordnung auf die Einsatzmenge vor dem Backen und sind bezogen auf das Gesamtprodukt. Die Prozentangaben zum Vollkornanteil beziehen sich laut Lebensmittelinformationsverordnung auf die Einsatzmenge vor dem Backen und sind bezogen auf das Gesamtprodukt. KANN SPUREN VON MILCH, ERDNÜSSEN, MANDELN UND ANDEREN NÜSSEN ENTHALTEN.",418,1761,"10,1","4,2","73,4","24,8","5,7","1,1",https://www.edeka24.de/Lebensmittel/Fruehstueck-Snacks/Muesli-Cerealien/Nestle-Cini-Minis-Zimt-375G.html,https://www.edeka24.de/out/pictures/generated/product/1/540_540_90/nestl-cini-minis-375-65g.jpg
1176,Lebensmittel,Frühstück & Snacks,Honig,EDEKA Bio Landhonig flüssig 350G,"3,49 €","9,97 €/kg","inkl. MwSt., zzgl. 4.95 € Versandkosten.",lieferbar innerhalb von 2-5 Werktagen,2023-05-02 23:57:17.910028,-,Hinweis zur Aufbewahrung: Vor Wärme geschützt und trocken lagern.,"Verantwortliches Lebensmittelunternehmen:
EDEKA ZENTRALE Stiftung & Co. KG, D-22291 Hamburg",,1384,326,0,0,81,75,"0,4",0,https://www.edeka24.de/Lebensmittel/Fruehstueck-Snacks/Honig/EDEKA-Bio-Landhonig-fluessig-350G.html,https://www.edeka24.de/out/pictures/generated/product/1/540_540_90/bio_edeka_landhonig_flamp252ssig_350g.jpg
1177,Lebensmittel,Frühstück & Snacks,Honig,EDEKA Bio Landhonig cremig 500G,"4,79 €","9,58 €/kg","inkl. MwSt., zzgl. 4.95 € Versandkosten.",lieferbar innerhalb von 2-5 Werktagen,2023-05-02 23:57:21.545736,-,Hinweis zur Aufbewahrung: Vor Wärme geschützt und trocken lagern.,"Verantwortliches Lebensmittelunternehmen:
EDEKA ZENTRALE Stiftung & Co. KG, D-22291 Hamburg",,1384,326,0,0,81,75,"0,4",0,https://www.edeka24.de/Lebensmittel/Fruehstueck-Snacks/Honig/EDEKA-Bio-Landhonig-cremig-500G.html,https://www.edeka24.de/out/pictures/generated/product/1/540_540_90/bio_elandhonig_cremig_500g.jpg
1178,Lebensmittel,Frühstück & Snacks,Honig,Langnese Flotte Biene Gebirgsblüten Honig 250G,"3,59 €","14,36 €/kg","inkl. MwSt., zzgl. 4.95 € Versandkosten.",lieferbar innerhalb von 2-5 Werktagen,2023-05-02 23:57:25.297247,-,,"Verantwortliches Lebensmittelunternehmen:
Langnese Honig GmbH & Co. KG, Hammoorer Weg 25, D-22941 Bargteheide",,,,,,,,,,https://www.edeka24.de/Lebensmittel/Fruehstueck-Snacks/Honig/Langnese-Flotte-Biene-Gebirgsblueten-Honig-250G.html,https://www.edeka24.de/out/pictures/generated/product/1/540_540_90/flottebienegebirge.jpg
1179,Lebensmittel,Frühstück & Snacks,Honig,Alnatura Bio Blütenhonig 350G,"4,29 €","12,26 €/kg","inkl. MwSt., zzgl. 4.95 € Versandkosten.",lieferbar innerhalb von 2-5 Werktagen,2023-05-02 23:57:28.087035,-,,"Verantwortliches Lebensmittelunternehmen:
Alnatura Produktions- und Handels GmbH, Mahatma-Gandhi-Str. 7, 64295 Darmstadt",,1284,302,"0,1","0,1","75,1","75,1","0,4","0,1",https://www.edeka24.de/Lebensmittel/Fruehstueck-Snacks/Honig/Alnatura-Bio-Bluetenhonig-350G.html,https://www.edeka24.de/out/pictures/generated/product/1/540_540_90/alnatura_bio_bltenhonig.jpg
1180,Lebensmittel,Frühstück & Snacks,Honig,EDEKA Fairtrade Imker Honig cremig 500G,"4,89 €","9,78 €/kg","inkl. MwSt., zzgl. 4.95 € Versandkosten.",lieferbar innerhalb von 2-5 Werktagen,2023-05-02 23:57:31.725225,"Fairtrade Imker Honig, cremig",Hinweis zur Aufbewahrung: Bei Zimmertemperatur und lichtgeschützt aufbewahren.,"Verantwortliches Lebensmittelunternehmen:
EDEKA ZENTRALE Stiftung & Co. KG, D-22291 Hamburg",,1384,326,0,0,81,75,"0,4",0,https://www.edeka24.de/Lebensmittel/Fruehstueck-Snacks/Honig/EDEKA-Fairtrade-Imker-Honig-cremig-500G.html,https://www.edeka24.de/out/pictures/generated/product/1/540_540_90/ebluetenhonig_crfairtr500g.jpg
1181,Lebensmittel,Frühstück & Snacks,Honig,Bihophar Wald-Honig 500G,"7,29 €","14,58 €/kg","inkl. MwSt., zzgl. 4.95 € Versandkosten.",lieferbar innerhalb von 2-5 Werktagen,2023-05-02 23:57:35.498170,-,Hinweis zur Aufbewahrung: Lichtgeschützt bei Raumtemperatur lagern.,"Verantwortliches Lebensmittelunternehmen:
Dr. med. Hans Plümer Nachf. GmbH & Co. KG, Am Salgenholz 2, D-38110 Braunschweig",,,,,,,,,,https://www.edeka24.de/Lebensmittel/Fruehstueck-Snacks/Honig/Bihophar-Wald-Honig-500G.html,https://www.edeka24.de/out/pictures/generated/product/1/540_540_90/40555157biopharwald-honig.jpg
1182,Lebensmittel,Frühstück & Snacks,Honig,Alnatura Bio Vielblütenhonig 500G,"4,99 €","9,98 €/kg","inkl. MwSt., zzgl. 4.95 € Versandkosten.",lieferbar innerhalb von 2-5 Werktagen,2023-05-02 23:57:38.532469,-,,"Verantwortliches Lebensmittelunternehmen:
Alnatura GmbH, Darmstädter Str. 63, D-64404 Bickenbach",,1275,300,"0,5","0,1",75,75,"0,5","0,01",https://www.edeka24.de/Lebensmittel/Fruehstueck-Snacks/Honig/Alnatura-Bio-Vielbluetenhonig-500G.html,https://www.edeka24.de/out/pictures/generated/product/1/540_540_90/alnaturavieblho.jpg
1183,Lebensmittel,Frühstück & Snacks,Honig,Langnese Sommerblüten goldklar Honig 500G,"5,49 €","10,98 €/kg","inkl. MwSt., zzgl. 4.95 € Versandkosten.",lieferbar innerhalb von 2-5 Werktagen,2023-05-02 23:57:42.475228,-,Hinweis zur Aufbewahrung: Lichtgeschützt bei Raumtemperatur lagern.,"Verantwortliches Lebensmittelunternehmen:
Langnese Honig GmbH & Co. KG, Hammoorer Weg 25, D-22941 Bargteheide",,,,,,,,,,https://www.edeka24.de/Lebensmittel/Fruehstueck-Snacks/Honig/Langnese-Sommerblueten-goldklar-Honig-500G.html,https://www.edeka24.de/out/pictures/generated/product/1/540_540_90/4023300490117.jpg
1184,Lebensmittel,Frühstück & Snacks,Honig,Bihophar Pinienhonig aus der Ägäis 500G,"7,49 €","14,98 €/kg","inkl. MwSt., zzgl. 4.95 € Versandkosten.",lieferbar innerhalb von 2-5 Werktagen,2023-05-02 23:57:45.071433,-,Hinweis zur Aufbewahrung: Lichtgeschützt bei Raumtemperatur lagern.,"Verantwortliches Lebensmittelunternehmen:
Dr. med. Hans Plümer Nachf. GmbH & Co. KG, Am Salgenholz 2, D-38110 Braunschweig",,,,,,,,,,https://www.edeka24.de/Lebensmittel/Fruehstueck-Snacks/Honig/Bihophar-Pinienhonig-aus-der-Aegaeis-500G.html,https://www.edeka24.de/out/pictures/generated/product/1/540_540_90/40555621bihophargischerpinienhonig.jpg
1185,Lebensmittel,Frühstück & Snacks,Honig,"Langnese Mini-Honig-Spezialitäten 3ST 99,9G","3,79 €","37,94 €/kg","inkl. MwSt., zzgl. 4.95 € Versandkosten.",lieferbar innerhalb von 2-5 Werktagen,2023-05-02 23:57:48.456884,-,Hinweis zur Aufbewahrung: Lichtgeschützt bei Raumtemperatur lagern.,"Verantwortliches Lebensmittelunternehmen:
Langnese Honig GmbH & Co. KG, Hammoorer Weg 25, D-22941 Bargteheide",,,,,,,,,,https://www.edeka24.de/Lebensmittel/Fruehstueck-Snacks/Honig/Langnese-Mini-Honig-Spezialitaeten-3ST-99-9G.html,https://www.edeka24.de/out/pictures/generated/product/1/540_540_90/4023300936806langnese3ermini-spezialitten.jpg
1186,Lebensmittel,Frühstück & Snacks,Honig,Alnatura Bio Deutscher Blütenhonig 500G,"8,49 €","16,98 €/kg","inkl. MwSt., zzgl. 4.95 € Versandkosten.",lieferbar innerhalb von 2-5 Werktagen,2023-05-02 23:57:52.202210,-,,"Verantwortliches Lebensmittelunternehmen:
Alnatura Produktions- und Handels GmbH, Mahatma-Gandhi-Str. 7, 64295 Darmstadt",,1284,302,"0,1","0,1",75,75,"0,4","0,01",https://www.edeka24.de/Lebensmittel/Fruehstueck-Snacks/Honig/Alnatura-Bio-Deutscher-Bluetenhonig-500G.html,https://www.edeka24.de/out/pictures/generated/product/1/540_540_90/alnaturadeutscherbltenhonig.jpg
1187,Lebensmittel,Frühstück & Snacks,Honig,Alnatura Bio Waldhonig 350G,"5,29 €","15,11 €/kg","inkl. MwSt., zzgl. 4.95 € Versandkosten.",lieferbar innerhalb von 2-5 Werktagen,2023-05-02 23:57:55.682196,-,,"Verantwortliches Lebensmittelunternehmen:
Alnatura Produktions- und Handels GmbH, Mahatma-Gandhi-Str. 7, 64295 Darmstadt",,1331,313,"0,1","0,1","77,9","77,9","0,4","0,1",https://www.edeka24.de/Lebensmittel/Fruehstueck-Snacks/Honig/Alnatura-Bio-Waldhonig-350G.html,https://www.edeka24.de/out/pictures/generated/product/1/540_540_90/alnatura_bio_waldhonig.jpg
1188,Lebensmittel,Frühstück & Snacks,Honig,Bihophar Raps-Honig 500G,"6,29 €","12,58 €/kg","inkl. MwSt., zzgl. 4.95 € Versandkosten.",lieferbar innerhalb von 2-5 Werktagen,2023-05-02 23:57:58.986042,Raps-Honig,Hinweis zur Aufbewahrung: ***Verzehrfertig***,"Verantwortliches Lebensmittelunternehmen:
Dr. med. Hans Plümer Nachf. GmbH & Co. KG, Am Salgenholz 2, D-38110 Braunschweig",,,,,,,,,,https://www.edeka24.de/Lebensmittel/Fruehstueck-Snacks/Honig/Bihophar-Raps-Honig-500G.html,https://www.edeka24.de/out/pictures/generated/product/1/540_540_90/bihophar_rapshonig_500g.jpg
1190,Lebensmittel,Frühstück & Snacks,Honig,Langnese Flotte Biene Wildblüten Honig 250G,"3,59 €","14,36 €/kg","inkl. MwSt., zzgl. 4.95 € Versandkosten.",lieferbar innerhalb von 2-5 Werktagen,2023-05-02 23:58:04.814262,-,Hinweis zur Aufbewahrung: Lichtgeschützt bei Raumtemperatur lagern.,"Verantwortliches Lebensmittelunternehmen:
LANGNESE HONIG, 22933 Bargteheide",,,,,,,,,,https://www.edeka24.de/Lebensmittel/Fruehstueck-Snacks/Honig/Langnese-Flotte-Biene-Wildblueten-Honig-250G.html,https://www.edeka24.de/out/pictures/generated/product/1/540_540_90/langnese_flotte_biene_wildblten_honig_klein.jpg
1191,Lebensmittel,Frühstück & Snacks,Honig,Alnatura Bio Waldhonig 500G,"6,29 €","12,58 €/kg","inkl. MwSt., zzgl. 4.95 € Versandkosten.",lieferbar innerhalb von 2-5 Werktagen,2023-05-02 23:58:08.010142,Bio Waldhonig,,"Verantwortliches Lebensmittelunternehmen:
Alnatura Produktions- und Handels GmbH, Mahatma-Gandhi-Str. 7, 64295 Darmstadt",,1326,312,"0,5","0,1",78,78,"0,5","0,02",https://www.edeka24.de/Lebensmittel/Fruehstueck-Snacks/Honig/Alnatura-Bio-Waldhonig-500G.html,https://www.edeka24.de/out/pictures/generated/product/1/540_540_90/4104420024526-alnatura-bio-waldhonig.jpg
1193,Lebensmittel,Frühstück & Snacks,Honig,EDEKA Bio Landhonig flüssig 500G,"4,79 €","9,58 €/kg","inkl. MwSt., zzgl. 4.95 € Versandkosten.",lieferbar innerhalb von 2-5 Werktagen,2023-05-02 23:58:14.679749,-,Hinweis zur Aufbewahrung: Vor Wärme geschützt und trocken lagern.,"Verantwortliches Lebensmittelunternehmen:
EDEKA ZENTRALE Stiftung & Co. KG, D-22291 Hamburg",,1384,326,0,0,81,75,"0,4",0,https://www.edeka24.de/Lebensmittel/Fruehstueck-Snacks/Honig/EDEKA-Bio-Landhonig-fluessig-500G.html,https://www.edeka24.de/out/pictures/generated/product/1/540_540_90/edeka_bio_landhonig_flssig.jpg
1194,Lebensmittel,Frühstück & Snacks,Honig,Langnese Flotte Biene Obstblütenhonig 250G,"3,99 €","15,96 €/kg","inkl. MwSt., zzgl. 4.95 € Versandkosten.",lieferbar innerhalb von 2-5 Werktagen,2023-05-02 23:58:17.789817,-,Hinweis zur Aufbewahrung: Lichtgeschützt bei Raumtemperatur lagern.,"Verantwortliches Lebensmittelunternehmen:
LANGNESE HONIG, 22933 Bargteheide",,,,,,,,,,https://www.edeka24.de/Lebensmittel/Fruehstueck-Snacks/Honig/Langnese-Flotte-Biene-Obstbluetenhonig-250G.html,https://www.edeka24.de/out/pictures/generated/product/1/540_540_90/langnese_flotte_biene_obstbltenhonig.jpg
1196,Lebensmittel,Frühstück & Snacks,Honig,Breitsamer Fairtrade Imkergold Honig cremig 500G,"7,49 €","14,98 €/kg","inkl. MwSt., zzgl. 4.95 € Versandkosten.",lieferbar innerhalb von 2-5 Werktagen,2023-05-02 23:58:24.168949,-,,"Verantwortliches Lebensmittelunternehmen:
Breitsamer + Ulrich GmbH &Co KG, Berger-Kreuz-Str. 28, D-81735 München",,1396,329,"0,1","0,1","81,5",76,"0,4","0,01",https://www.edeka24.de/Lebensmittel/Fruehstueck-Snacks/Honig/Breitsamer-Fairtrade-Imkergold-Honig-cremig-500G.html,https://www.edeka24.de/out/pictures/generated/product/1/540_540_90/1025632a_breitsamer-imkergold-fairtrade-honig-cremig.jpg
1197,Lebensmittel,Frühstück & Snacks,Honig,Famille Michaud Blütenhonig aus Frankreich cremig 375G,"6,99 €","18,64 €/kg","inkl. MwSt., zzgl. 4.95 € Versandkosten.",lieferbar innerhalb von 2-5 Werktagen,2023-05-02 23:58:27.499647,Cremiger Blütenhonig,,"Verantwortliches Lebensmittelunternehmen:
Famille Michaud, Domaine Saint-Georges, 64290 Gan, France",,,,,,,,,,https://www.edeka24.de/Lebensmittel/Fruehstueck-Snacks/Honig/Famille-Michaud-Bluetenhonig-aus-Frankreich-cremig-375G.html,https://www.edeka24.de/out/pictures/generated/product/1/540_540_90/famille_michaud_cremiger_blamp252tenhonig_375g.jpg
1199,Lebensmittel,Frühstück & Snacks,Honig,Famille Michaud Lavendelhonig aus der Provence cremig 375G,"10,99 €","29,31 €/kg","inkl. MwSt., zzgl. 4.95 € Versandkosten.",lieferbar innerhalb von 2-5 Werktagen,2023-05-02 23:58:33.170306,Cremiger Lavendelhonig aus der Provence,,"Verantwortliches Lebensmittelunternehmen:
Famille Michaud, Domaine Saint-Georges, 64290 Gan, France",,,,,,,,,,https://www.edeka24.de/Lebensmittel/Fruehstueck-Snacks/Honig/Famille-Michaud-Lavendelhonig-aus-der-Provence-cremig-375G.html,https://www.edeka24.de/out/pictures/generated/product/1/540_540_90/famille_michaud_lavendelhonig_375g.jpg
1200,Lebensmittel,Frühstück & Snacks,Honig,Alnatura Bio Honig Feine Blüte 500G,"6,49 €","12,98 €/kg","inkl. MwSt., zzgl. 4.95 € Versandkosten.",lieferbar innerhalb von 2-5 Werktagen,2023-05-02 23:58:36.152580,Bio Blütenhonig,,"Verantwortliches Lebensmittelunternehmen:
Alnatura Produktions- und Handels GmbH, Mahatma-Gandhi-Str. 7, 64295 Darmstadt",,1275,300,"0,5","0,1",75,75,"0,5","0,01",https://www.edeka24.de/Lebensmittel/Fruehstueck-Snacks/Honig/Alnatura-Bio-Honig-Feine-Bluete-500G.html,https://www.edeka24.de/out/pictures/generated/product/1/540_540_90/alnaturafeiblhon.jpg
1201,Lebensmittel,Frühstück & Snacks,Honig,Bienenwirtschaft Honig Raps und Frühlingsblüte 500G,"5,79 €","11,58 €/kg","inkl. MwSt., zzgl. 4.95 € Versandkosten.",lieferbar innerhalb von 2-5 Werktagen,2023-05-02 23:58:39.558298,-,,"Verantwortliches Lebensmittelunternehmen:
Bienenwirtschaft Meissen, D-01662 Meissen",,,,,,,,,,https://www.edeka24.de/Lebensmittel/Fruehstueck-Snacks/Honig/Bienenwirtschaft-Honig-Raps-und-Fruehlingsbluete-500G.html,https://www.edeka24.de/out/pictures/generated/product/1/540_540_90/bienenwirtschaftrapshonig.jpg
1202,Lebensmittel,Frühstück & Snacks,Honig,Famille Michaud Blütenhonig aus Frankreich flüssig 375G,"6,99 €","18,64 €/kg","inkl. MwSt., zzgl. 4.95 € Versandkosten.",lieferbar innerhalb von 2-5 Werktagen,2023-05-02 23:58:42.535848,Flüssiger Blütenhonig,,"Verantwortliches Lebensmittelunternehmen:
Famille Michaud, Domaine Saint-Georges, 64290 Gan, France",,,,,,,,,,https://www.edeka24.de/Lebensmittel/Fruehstueck-Snacks/Honig/Famille-Michaud-Bluetenhonig-aus-Frankreich-fluessig-375G.html,https://www.edeka24.de/out/pictures/generated/product/1/540_540_90/famille_michaud_flamp252ssiger_blamp252tenhonig_375g.jpg
1203,Lebensmittel,Frühstück & Snacks,Honig,Bihophar Wabenquell Wildblüten-Honig 500G,"5,79 €","11,58 €/kg","inkl. MwSt., zzgl. 4.95 € Versandkosten.",lieferbar innerhalb von 2-5 Werktagen,2023-05-02 23:58:46.054198,Wild-Blüten-Honig,,"Verantwortliches Lebensmittelunternehmen:
Fürsten-Reform Dr. med. Hans Plümer Nachf., 38110 Braunschweig",,,,,,,,,,https://www.edeka24.de/Lebensmittel/Fruehstueck-Snacks/Honig/Bihophar-Wabenquell-Wildblueten-Honig-500G.html,https://www.edeka24.de/out/pictures/generated/product/1/540_540_90/bihophar_wabenquell_wildblamp252tenhonig_500g.jpg
1205,Lebensmittel,Frühstück & Snacks,Honig,Langnese Flotte Biene Wildlavendel- mit Blütenhonig 250G,"3,99 €","15,96 €/kg","inkl. MwSt., zzgl. 4.95 € Versandkosten.",lieferbar innerhalb von 2-5 Werktagen,2023-05-02 23:58:52.463197,-,Hinweis zur Aufbewahrung: Lichtgeschützt bei Raumtemperatur lagern.,"Verantwortliches Lebensmittelunternehmen:
LANGNESE HONIG, 22933 Bargteheide",Zutatenverzeichnis: Honig,,,,,,,,,https://www.edeka24.de/Lebensmittel/Fruehstueck-Snacks/Honig/Langnese-Flotte-Biene-Wildlavendel-mit-Bluetenhonig-250G.html,https://www.edeka24.de/out/pictures/generated/product/1/540_540_90/langneseflottebienewildlavendelklein.jpg
1206,Lebensmittel,Frühstück & Snacks,Honig,Langnese Flotte Biene Wald- mit Blütenhonig 500G,"7,99 €","15,98 €/kg","inkl. MwSt., zzgl. 4.95 € Versandkosten.",lieferbar innerhalb von 2-5 Werktagen,2023-05-02 23:58:55.709348,-,,"Verantwortliches Lebensmittelunternehmen:
Langnese Honig GmbH & Co. KG, Hammoorer Weg 25, D-22941 Bargteheide",,,,,,,,,,https://www.edeka24.de/Lebensmittel/Fruehstueck-Snacks/Honig/Langnese-Flotte-Biene-Wald-mit-Bluetenhonig-500G.html,https://www.edeka24.de/out/pictures/generated/product/1/540_540_90/langnese_flotte_biene_wald_mit_bltenhonig.jpg
1207,Lebensmittel,Frühstück & Snacks,Konfitüre & Fruchtaufstriche,Alnatura Bio Fruchtaufstrich Erdbeere 420G,"3,19 €","7,60 €/kg","inkl. MwSt., zzgl. 4.95 € Versandkosten.",lieferbar innerhalb von 2-5 Werktagen,2023-05-02 23:58:58.574814,Bio Fruchtaufstrich Erdbeere,Hinweis zur Aufbewahrung: Nach dem Öffnen im Kühlschrank aufbewahren.,"Verantwortliches Lebensmittelunternehmen:
Alnatura GmbH, Mahatma-Gandhi-Straße 7, 64295 Darmstadt","Zutatenverzeichnis: Erdbeeren* 55%, Rübenzucker*, Geliermittel: Pektin, Zitronensaftkonzentrat* *aus biologischer Landwirtschaft.",794,187,"0,5","0,1",46,46,"0,5","0,02",https://www.edeka24.de/Lebensmittel/Fruehstueck-Snacks/Konfituere-Fruchtaufstriche/Alnatura-Bio-Fruchtaufstrich-Erdbeere-420G.html,https://www.edeka24.de/out/pictures/generated/product/1/540_540_90/alnatura_bio_fruchtaufstrich_erdbeere.jpg
1208,Lebensmittel,Frühstück & Snacks,Konfitüre & Fruchtaufstriche,EDEKA Feines Fruchtmousse Erdbeer 300G,"1,89 €","6,30 €/kg","inkl. MwSt., zzgl. 4.95 € Versandkosten.",lieferbar innerhalb von 2-5 Werktagen,2023-05-02 23:59:01.994438,"Erdbeer-Fruchtaufstrich, fein passiert",Hinweis zur Aufbewahrung: Nach dem Öffnen kühl aufbewahren.,"Verantwortliches Lebensmittelunternehmen:
EDEKA ZENTRALE Stiftung & Co. KG, D-22291 Hamburg","Zutatenverzeichnis: 60 % Erdbeeren, Zucker, Geliermittel: Pektine, Säuerungsmittel: Citronensäure, färbendes Lebensmittel: Karottenkonzentrat, Saflorkonzentrat.",906,213,"0,3","0,02","50,5","50,3","0,5","0,04",https://www.edeka24.de/Lebensmittel/Fruehstueck-Snacks/Konfituere-Fruchtaufstriche/EDEKA-Feines-Fruchtmousse-Erdbeer-300G.html,https://www.edeka24.de/out/pictures/generated/product/1/540_540_90/edeka_feines_fruchtmousse_erdbeer.jpg
1209,Lebensmittel,Frühstück & Snacks,Konfitüre & Fruchtaufstriche,Alnatura Bio Fruchtaufstrich Marille Aprikose 420G,"3,19 €","7,60 €/kg","inkl. MwSt., zzgl. 4.95 € Versandkosten.",lieferbar innerhalb von 2-5 Werktagen,2023-05-02 23:59:04.990148,Bio Fruchtaufstrich Marille (Aprikose),Hinweis zur Aufbewahrung: Nach dem Öffnen im Kühlschrank aufbewahren.,"Verantwortliches Lebensmittelunternehmen:
Alnatura GmbH, Mahatma-Gandhi-Straße 7, 64295 Darmstadt","Zutatenverzeichnis: Marillen* (Aprikosen*) 55%, Rohrohrzucker*, Geliermittel: Apfelpektin, Zitronensaftkonzentrat* *aus biologischer Landwirtschaft .",803,189,"0,5","0,1",46,46,"0,5","0,02",https://www.edeka24.de/Lebensmittel/Fruehstueck-Snacks/Konfituere-Fruchtaufstriche/Alnatura-Bio-Fruchtaufstrich-Marille-Aprikose-420G.html,https://www.edeka24.de/out/pictures/generated/product/1/540_540_90/alnatura_bio_fruchtaufstrich_marille_aprikose.jpg
1210,Lebensmittel,Frühstück & Snacks,Konfitüre & Fruchtaufstriche,EDEKA Feines Fruchtmousse Himbeer & Brombeer 300G,"1,89 €","6,30 €/kg","inkl. MwSt., zzgl. 4.95 € Versandkosten.",lieferbar innerhalb von 2-5 Werktagen,2023-05-02 23:59:08.478962,"Himbeer-Brombeer-Fruchtaufstrich, fein passiert",Hinweis zur Aufbewahrung: Nach dem Öffnen kühl aufbewahren.,"Verantwortliches Lebensmittelunternehmen:
EDEKA ZENTRALE Stiftung & Co. KG, D-22291 Hamburg","Zutatenverzeichnis: 60% Früchtemischung (67% Himbeeren, 33 % Brombeeren), Zucker, Geliermittel: Pektine, Säuerungsmittel: Citronensäure.",918,216,"0,3","0,02","50,7","49,9","0,8","0,03",https://www.edeka24.de/Lebensmittel/Fruehstueck-Snacks/Konfituere-Fruchtaufstriche/EDEKA-Feines-Fruchtmousse-Himbeer-Brombeer-300G.html,https://www.edeka24.de/out/pictures/generated/product/1/540_540_90/edeka_feines_fruchtmousse_himbeer_amp_brombeer_konfitre.jpg
1211,Lebensmittel,Frühstück & Snacks,Konfitüre & Fruchtaufstriche,EDEKA Feines Fruchtmousse Aprikose & Pfirsich 300G,"1,89 €","6,30 €/kg","inkl. MwSt., zzgl. 4.95 € Versandkosten.",lieferbar innerhalb von 2-5 Werktagen,2023-05-02 23:59:12.153910,"Aprikose-Pfirsich-Fruchtaufstrich, fein passiert",Hinweis zur Aufbewahrung: Nach dem Öffnen kühl aufbewahren.,"Verantwortliches Lebensmittelunternehmen:
EDEKA ZENTRALE Stiftung & Co. KG, D-22291 Hamburg","Zutatenverzeichnis: 60 % Früchtemischung (67 % Aprikosen, 33 % Pfirsiche), Zucker, Geliermittel: Pektin, Säuerungsmittel: Citronensäure.",211,897,"0,1","0,01","50,4",50,"0,5","0,04",https://www.edeka24.de/Lebensmittel/Fruehstueck-Snacks/Konfituere-Fruchtaufstriche/EDEKA-Feines-Fruchtmousse-Aprikose-Pfirsich-300G.html,https://www.edeka24.de/out/pictures/generated/product/1/540_540_90/edeka_feines_fruchtmousse_aprikose_amp_pfirsich_konfitre.jpg
1212,Lebensmittel,Frühstück & Snacks,Konfitüre & Fruchtaufstriche,Alnatura Bio Fruchtaufstrich Sanddorn-Orange 250G,"2,19 €","8,76 €/kg","inkl. MwSt., zzgl. 4.95 € Versandkosten.",lieferbar innerhalb von 2-5 Werktagen,2023-05-02 23:59:16.940627,Bio Fruchtaufstrich mit Orangensaft und Sanddornmark,Hinweis zur Aufbewahrung: Nach dem Öffnen im Kühlschrank aufbewahren.,"Verantwortliches Lebensmittelunternehmen:
Alnatura GmbH, Darmstädter Str. 63, 64404 Bickenbach","Zutatenverzeichnis: Fruchtmischung* 55% (Orangensaft aus Orangensaftkonzentrat* 29%,Sanddornmark* 26%), Rohrohrzucker*, Geliermittel: Pektin,Zitronensaftkonzentrat* *aus biologischer Landwirtschaft.",805,190,"1,9","0,1",42,42,"0,7","0,02",https://www.edeka24.de/Lebensmittel/Fruehstueck-Snacks/Konfituere-Fruchtaufstriche/Alnatura-Bio-Fruchtaufstrich-Sanddorn-Orange-250G.html,https://www.edeka24.de/out/pictures/generated/product/1/540_540_90/alnatura_bio_fruchtaufstrich_sanddornorange.jpg
1213,Lebensmittel,Frühstück & Snacks,Konfitüre & Fruchtaufstriche,Natreen Pflaumenmus 225G,"2,49 €","11,07 €/kg","inkl. MwSt., zzgl. 4.95 € Versandkosten.",lieferbar innerhalb von 2-5 Werktagen,2023-05-02 23:59:20.205111,Kalorienreduziertes Pflaumenmus,Hinweis zur Aufbewahrung: Nach dem Öffnen gekühlt lagern und zügig aufbrauchen.,"Verantwortliches Lebensmittelunternehmen:
Andros Deutschland GmbH, D-64747 Breuberg","Zutatenverzeichnis: Pflaumen, Fruktose (9%), Geliermittel Pektin, Säuerungsmittel Citronensäure, Konservierungsstoff Kaliumsorbat, Süßungsmittel (Cyclamat, Saccharin), Gewürze (Gewürznelke, Ingwer, Zimt), Säureregulator Calciumlactat, Vanillin, Farbstoffe (E150C, E120).",472,112,"0,3","0,1","24,9","22,7","0,9",0,https://www.edeka24.de/Lebensmittel/Fruehstueck-Snacks/Konfituere-Fruchtaufstriche/Natreen-Pflaumenmus-225G.html,https://www.edeka24.de/out/pictures/generated/product/1/540_540_90/natreenpflaumenmus.jpg
1214,Lebensmittel,Frühstück & Snacks,Konfitüre & Fruchtaufstriche,Maintal Hagebutten Konfitüre extra 340G,"2,29 €","6,74 €/kg","inkl. MwSt., zzgl. 4.95 € Versandkosten.",lieferbar innerhalb von 2-5 Werktagen,2023-05-02 23:59:24.713077,-,Hinweis zur Aufbewahrung: Nach dem Öffnen kühl aufbewahren und zeitnah verzehren.,"Verantwortliches Lebensmittelunternehmen:
Maintal Konfitueren GmbH, Industriestrasse 11, 97437 Hassfurt/Main","Zutatenverzeichnis: Hagebutten, Zucker, Glukosesirup, Geliermittel Pektin, Säuerungsmittel Citronensäure",241,1025,"0,5","0,1",57,53,"1,2","0,03",https://www.edeka24.de/Lebensmittel/Fruehstueck-Snacks/Konfituere-Fruchtaufstriche/Maintal-Hagebutten-Konfituere-extra-340G.html,https://www.edeka24.de/out/pictures/generated/product/1/540_540_90/maintal_hagebutten_konfitre_extra.jpg
1215,Lebensmittel,Frühstück & Snacks,Konfitüre & Fruchtaufstriche,Natreen Erdbeer-Konfitüre 225G,"2,49 €","11,07 €/kg","inkl. MwSt., zzgl. 4.95 € Versandkosten.",lieferbar innerhalb von 2-5 Werktagen,2023-05-02 23:59:28.311352,Kalorienreduzierte Konfitüre extra Erdbeere,Hinweis zur Aufbewahrung: Nach dem Öffnen gekühlt lagern ud zügig aufbrauchen.,"Verantwortliches Lebensmittelunternehmen:
Andros Deutschland GmbH, D-64747 Breuberg","Zutatenverzeichnis: Erdbeeren, Fruktose (28,5%), Wasser, Geliermittel Pektin, Säuerungsmittel Citronensäure, Konservierungsstoff Kaliumsorbat, Süßungsmittel (Cyclamat, Saccharin), Säureregulator Calciumlactat.",551,130,"0,2","0,1",31,31,"0,4",0,https://www.edeka24.de/Lebensmittel/Fruehstueck-Snacks/Konfituere-Fruchtaufstriche/Natreen-Erdbeer-Konfituere-225G.html,https://www.edeka24.de/out/pictures/generated/product/1/540_540_90/natreen_erdbeerkonfitre.jpg
1216,Lebensmittel,Frühstück & Snacks,Konfitüre & Fruchtaufstriche,Bonne Maman Erdbeer-Konfitüre 370G,"3,49 €","9,43 €/kg","inkl. MwSt., zzgl. 4.95 € Versandkosten.",lieferbar innerhalb von 2-5 Werktagen,2023-05-02 23:59:31.737087,Erdbeer-Konfitüre Extra,Hinweis zur Aufbewahrung: Bei Raumtemperatur lagern. Nach dem Öffnen kühl lagern.,"Verantwortliches Lebensmittelunternehmen:
Odenwald-Frücht GmbH, 64747 Breuberg","Zutatenverzeichnis: Erdbeeren, Zucker, brauner Rohrzucker, Zitronensaftkonzentrat, Geliermittel: Pektin (Citrus).",1023,241,"0,1",0,59,59,"0,4",0,https://www.edeka24.de/Lebensmittel/Fruehstueck-Snacks/Konfituere-Fruchtaufstriche/Bonne-Maman-Erdbeer-Konfituere-370G.html,https://www.edeka24.de/out/pictures/generated/product/1/540_540_90/bonnemamanerdbeere.jpg
1217,Lebensmittel,Frühstück & Snacks,Konfitüre & Fruchtaufstriche,Zentis Frühstücks-Konfitüre Extra Sauerkirsche 230G,"1,99 €","8,65 €/kg","inkl. MwSt., zzgl. 4.95 € Versandkosten.",lieferbar innerhalb von 2-5 Werktagen,2023-05-02 23:59:35.349749,Sauerkirsch-Konfitüre Extra,Hinweis zur Aufbewahrung: Kühl lagern und innerhalb kurzer Zeit verbrauchen.,"Verantwortliches Lebensmittelunternehmen:
Zentis GmbH & Co. KG, 52070 Aachen","Zutatenverzeichnis: Sauerkirschen, Zucker, Geliermittel Pektine, Säuerungsmittel Citronensäure.",950,224,"0,3","0,1",54,53,"0,5","0,01",https://www.edeka24.de/Lebensmittel/Fruehstueck-Snacks/Konfituere-Fruchtaufstriche/Zentis-Fruehstuecks-Konfituere-Extra-Sauerkirsche-230G.html,https://www.edeka24.de/out/pictures/generated/product/1/540_540_90/zentis_frhstckskonfitre_extra_sauerkirsche_230g.jpg
1218,Lebensmittel,Frühstück & Snacks,Konfitüre & Fruchtaufstriche,Alnatura Bio Pflaumenmus 450G,"3,79 €","8,42 €/kg","inkl. MwSt., zzgl. 4.95 € Versandkosten.",lieferbar innerhalb von 2-5 Werktagen,2023-05-02 23:59:38.593389,Bio Pflaumenmus mit Fruchtstücken,Hinweis zur Aufbewahrung: Nach dem Öffnen im Kühlschrank aufbewahren.,"Verantwortliches Lebensmittelunternehmen:
Alnatura GmbH, Mahatma-Gandhi-Straße 7, 64295 Darmstadt","Zutatenverzeichnis: Pflaumen*, Rohrohrzucker*, Zitronensaftkonzentrat* *aus biologischer Landwirtschaft .",927,219,"0,5","0,1",53,50,"1,2","0,01",https://www.edeka24.de/Lebensmittel/Fruehstueck-Snacks/Konfituere-Fruchtaufstriche/Alnatura-Bio-Pflaumenmus-450G.html,https://www.edeka24.de/out/pictures/generated/product/1/540_540_90/alnatura_bio_pflaumenmus.jpg
1219,Lebensmittel,Frühstück & Snacks,Konfitüre & Fruchtaufstriche,Landliebe Gelee Quitten 200G,"2,49 €","12,45 €/kg","inkl. MwSt., zzgl. 4.95 € Versandkosten.",lieferbar innerhalb von 2-5 Werktagen,2023-05-02 23:59:43.329180,Quitten Gelee Extra mit Orangensaft,Hinweis zur Aufbewahrung: Nach dem Öffnen kühl aufbewahren.,"Verantwortliches Lebensmittelunternehmen:
Obstbauern Nahrungsmittel GmbH, Postfach 101747, 52017 Aachen","Zutatenverzeichnis: Quittensaft, Zucker, 1% Orangensaft, Geliermittel Pektine E 440, Säuerungsmittel Citronensäure E 330, Hergestellt aus 55g Früchten je 100g, Gesamtzuckergehalt 56g je 100g.",955,225,"0,1","0,1",55,55,"0,1","0,03",https://www.edeka24.de/Lebensmittel/Fruehstueck-Snacks/Konfituere-Fruchtaufstriche/Landliebe-Gelee-Quitten-200G.html,https://www.edeka24.de/out/pictures/generated/product/1/540_540_90/ldlgelee_quitte_200g.jpg
1220,Lebensmittel,Frühstück & Snacks,Konfitüre & Fruchtaufstriche,Simmler Konfitüre EXTRA Erdbeere 450G,"4,29 €","9,53 €/kg","inkl. MwSt., zzgl. 4.95 € Versandkosten.",lieferbar innerhalb von 2-5 Werktagen,2023-05-02 23:59:46.932501,-,,"Verantwortliches Lebensmittelunternehmen:
Franz Simmler GmbH & Co. KG, Franz-Simmler-Straße 1, D-79787 Lauchringen","Zutatenverzeichnis: Erdbeeren, Zucker, Rohrzucker, Säuerungsmittel Citronensäure, Geliermittel Pektin. Hergestellt aus 50g Früchten je 100g. Gesamtzuckergehalt 59g je 100g.",242,1014,"0,2",0,57,57,"0,4",g,https://www.edeka24.de/Lebensmittel/Fruehstueck-Snacks/Konfituere-Fruchtaufstriche/Simmler-Konfituere-EXTRA-Erdbeere-450G.html,https://www.edeka24.de/out/pictures/generated/product/1/540_540_90/simmler_konfitre_extra_erdbeere_450_g.jpg
1221,Lebensmittel,Frühstück & Snacks,Konfitüre & Fruchtaufstriche,Landliebe Konfitüre Pflaume 200G,"2,49 €","12,45 €/kg","inkl. MwSt., zzgl. 4.95 € Versandkosten.",lieferbar innerhalb von 2-5 Werktagen,2023-05-02 23:59:50.531380,-,Hinweis zur Aufbewahrung: Nach dem Öffnen kühl aufbewahren.,"Verantwortliches Lebensmittelunternehmen:
Obstbauern GmbH, Postfach 10 17 47, D-52017 Aachen.","Zutatenverzeichnis: Pflaumen, Zucker, Säuerungsmittel Citronensäure E 330, Geliermittel Pektine E 440",957,225,"0,1","0,1",54,53,"0,3","0,0",https://www.edeka24.de/Lebensmittel/Fruehstueck-Snacks/Konfituere-Fruchtaufstriche/Landliebe-Konfituere-Pflaume-200G.html,https://www.edeka24.de/out/pictures/generated/product/1/540_540_90/landliebe-konfituere-extra-200g-pflaume.jpg
1222,Lebensmittel,Frühstück & Snacks,Konfitüre & Fruchtaufstriche,Zentis Frühstücks-Konfitüre fein passiert Himbeere 230G,"2,49 €","10,83 €/kg","inkl. MwSt., zzgl. 4.95 € Versandkosten.",lieferbar innerhalb von 2-5 Werktagen,2023-05-02 23:59:53.511788,Himbeer-Konfitüre fein passiert,Hinweis zur Aufbewahrung: Kühl lagern und innerhalb kurzer Zeit verbrauchen,"Verantwortliches Lebensmittelunternehmen:
Zentis GmbH & Co. KG, 52070 Aachen","Zutatenverzeichnis: Himbeeren, Zucker, Geliermittel Pektine, Säuerungsmittel Citronensäure.",986,232,"0,2","0,1",55,55,"0,7","0,01",https://www.edeka24.de/Lebensmittel/Fruehstueck-Snacks/Konfituere-Fruchtaufstriche/Zentis-Fruehstuecks-Konfituere-fein-passiert-Himbeere-230G.html,https://www.edeka24.de/out/pictures/generated/product/1/540_540_90/zentis_frhstckskonfitre_fein_passiert_himbeere_230g.jpg
1223,Lebensmittel,Frühstück & Snacks,Konfitüre & Fruchtaufstriche,Natreen Waldfrucht-Konfitüre 225G,"2,49 €","11,07 €/kg","inkl. MwSt., zzgl. 4.95 € Versandkosten.",lieferbar innerhalb von 2-5 Werktagen,2023-05-02 23:59:56.835233,Kalorienreduzierte Konfitüre Extra Waldfrucht,Hinweis zur Aufbewahrung: Nach dem Öffnen gekühlt lagern und zügig aufbrauchen.,"Verantwortliches Lebensmittelunternehmen:
Andros Deutschland GmbH, D-64747 Breuberg","Zutatenverzeichnis: Waldfrüchte (Brombeeren (23%), Himbeeren (16%), Heidelbeeren (6%)), Fruktose (28%), Wasser, Geliermittel Pektin, Säuerungsmittel Citronensäure, Konservierungsstoff Kaliumsorbat, Süßungsmittel (Cyclamat, Saccharin), Säureregulator Calciumlactat.",556,131,"0,5","0,1","30,7","30,7","0,5",0,https://www.edeka24.de/Lebensmittel/Fruehstueck-Snacks/Konfituere-Fruchtaufstriche/Natreen-Waldfrucht-Konfituere-225G.html,https://www.edeka24.de/out/pictures/generated/product/1/540_540_90/natreen_waldfruchtkonfitre_225_g.jpg
1224,Lebensmittel,Frühstück & Snacks,Konfitüre & Fruchtaufstriche,Darbo Konfitüre Naturrein Rosenmarillen 450G,"3,99 €","8,87 €/kg","inkl. MwSt., zzgl. 4.95 € Versandkosten.",lieferbar innerhalb von 2-5 Werktagen,2023-05-03 00:00:00.403164,MARILLEN (APRIKOSEN) Konfitüre passiert,Hinweis zur Aufbewahrung: Nach dem Öffnen gekühlt aufbewahren.,"Verantwortliches Lebensmittelunternehmen:
A. Darbo AG, 6135 Stans/Tirol, Österreich","Zutatenverzeichnis: Marillen (Aprikosen), Zucker, Zitronensaftkonzentrat, Geliermittel Pektin.",965,227,0,0,56,56,"0,5","0,02",https://www.edeka24.de/Lebensmittel/Fruehstueck-Snacks/Konfituere-Fruchtaufstriche/Darbo-Konfituere-Naturrein-Rosenmarillen-450G.html,https://www.edeka24.de/out/pictures/generated/product/1/540_540_90/darbo_konfitre_naturrein_rosenmarillen_450_g.jpg
1225,Lebensmittel,Frühstück & Snacks,Konfitüre & Fruchtaufstriche,Landliebe Konfitüre Erdbeere 200G,"2,49 €","12,45 €/kg","inkl. MwSt., zzgl. 4.95 € Versandkosten.",lieferbar innerhalb von 2-5 Werktagen,2023-05-03 00:00:05.530894,-,Hinweis zur Aufbewahrung: Nach dem Öffnen kühl aufbewahren.,"Verantwortliches Lebensmittelunternehmen:
Obstbauern Nahrungsmittel GmbH, Postfach 101747, 52017 Aachen","Zutatenverzeichnis: Erdbeeren, Zucker, Geliermittel Pektine E 440, Säuerungsmittel Citronensäure E 330",229,971,"0,2","0,1",55,54,"0,5","0,03",https://www.edeka24.de/Lebensmittel/Fruehstueck-Snacks/Konfituere-Fruchtaufstriche/Landliebe-Konfituere-Erdbeere-200G.html,https://www.edeka24.de/out/pictures/generated/product/1/540_540_90/landliebe-konfituere-extra-200g-erdbeere.jpg
1226,Lebensmittel,Frühstück & Snacks,Konfitüre & Fruchtaufstriche,Alnatura Bio Fruchtaufstrich Sauerkirsche 420G,"3,19 €","7,60 €/kg","inkl. MwSt., zzgl. 4.95 € Versandkosten.",lieferbar innerhalb von 2-5 Werktagen,2023-05-03 00:00:13.669287,Bio Fruchtaufstrich Sauerkirsche,Hinweis zur Aufbewahrung: Nach dem Öffnen im Kühlschrank aufbewahren.,"Verantwortliches Lebensmittelunternehmen:
Alnatura GmbH, Mahatma-Gandhi-Straße 7, 64295 Darmstadt","Zutatenverzeichnis: Sauerkirschen* 55%, Rohrohrzucker*, Geliermittel: Pektin, Zitronensaftkonzentrat* *aus biologischer Landwirtschaft .",800,188,"0,5","0,1",46,46,"0,5","0,02",https://www.edeka24.de/Lebensmittel/Fruehstueck-Snacks/Konfituere-Fruchtaufstriche/Alnatura-Bio-Fruchtaufstrich-Sauerkirsche-420G.html,https://www.edeka24.de/out/pictures/generated/product/1/540_540_90/4104420045804-alnatura-bio-fruchtaufstrich-sauerkirsche.jpg
1227,Lebensmittel,Frühstück & Snacks,Konfitüre & Fruchtaufstriche,Natreen Aprikosen-Konfitüre 225G,"2,49 €","11,07 €/kg","inkl. MwSt., zzgl. 4.95 € Versandkosten.",lieferbar innerhalb von 2-5 Werktagen,2023-05-03 00:00:20.430118,Kalorienreduzierte Konfitüre extra Aprikose,Hinweis zur Aufbewahrung: Nach dem Öffnen gekühlt lagern und zügig aufbrauchen.,"Verantwortliches Lebensmittelunternehmen:
Andros Deutschland GmbH, D-64747 Breuberg","Zutatenverzeichnis: Aprikosen, Fruktose (27,5%), Wasser, Geliermittel Pektin, Säuerungsmittel Citronensäure, Konservierungsstoff Kaliumsorbat, Süßungsmittel (Cyclamat, Saccharin), Antioxidationsmittel Ascorbinsäure, Säureregulator Calciumlactat.",552,130,"0,1","0,1","31,3",31,"0,4",0,https://www.edeka24.de/Lebensmittel/Fruehstueck-Snacks/Konfituere-Fruchtaufstriche/Natreen-Aprikosen-Konfituere-225G.html,https://www.edeka24.de/out/pictures/generated/product/1/540_540_90/natreenaprikosen-konfitre.jpg
1228,Lebensmittel,Frühstück & Snacks,Konfitüre & Fruchtaufstriche,Schwartau Extra Erdbeere 340G,"2,69 €","7,91 €/kg","inkl. MwSt., zzgl. 4.95 € Versandkosten.",lieferbar innerhalb von 2-5 Werktagen,2023-05-03 00:00:25.256087,Erdbeer-Konfitüre extra,Hinweis zur Aufbewahrung: Nach dem Öffnen im Kühlschrank aufbewahren.,"Verantwortliches Lebensmittelunternehmen:
Schwartauer Werke, D-23608 Bad Schwartau","Zutatenverzeichnis: Erdbeeren, Zucker, Zitronensaftkonzentrat, Geliermittel Pektin.",951,224,"0,2",0,"54,1","53,4","0,5","0,04",https://www.edeka24.de/Lebensmittel/Fruehstueck-Snacks/Konfituere-Fruchtaufstriche/Schwartau-Extra-Erdbeere-340G.html,https://www.edeka24.de/out/pictures/generated/product/1/540_540_90/schwartau_extra_erdbeere_340g.jpg
1229,Lebensmittel,Frühstück & Snacks,Konfitüre & Fruchtaufstriche,Bonne Maman Rotes Johannisbeer Gelee 370G,"3,49 €","9,43 €/kg","inkl. MwSt., zzgl. 4.95 € Versandkosten.",lieferbar innerhalb von 2-5 Werktagen,2023-05-03 00:00:29.252019,-,Hinweis zur Aufbewahrung: Nach dem Öffnen kühl lagern.,"Verantwortliches Lebensmittelunternehmen:
Odenwald-Früchte GmbH, Bahnhofstraße 31, D-64747 Breuberg","Zutatenverzeichnis: Roter Johannisbeersaft, Zucker, brauner Rohrzucker, Zitronensaftkonzentrat, Geliermittel: Fruchtpektin (Citrus).",1025,241,"0,1",0,59,59,"0,6",0,https://www.edeka24.de/Lebensmittel/Fruehstueck-Snacks/Konfituere-Fruchtaufstriche/Bonne-Maman-Rotes-Johannisbeer-Gelee-370G.html,https://www.edeka24.de/out/pictures/generated/product/1/540_540_90/bonne_maman_rotes_johannisbeer_gelee.jpg
1230,Lebensmittel,Frühstück & Snacks,Konfitüre & Fruchtaufstriche,Schwartau Extra Pfirsich 340G,"2,99 €","8,79 €/kg","inkl. MwSt., zzgl. 4.95 € Versandkosten.",lieferbar innerhalb von 2-5 Werktagen,2023-05-03 00:00:33.289203,Pfirsich-Konfitüre extra,Hinweis zur Aufbewahrung: Nach dem Öffnen im Kühlschrank aufbewahren.,"Verantwortliches Lebensmittelunternehmen:
Schwartauer Werke, D-23608 Bad Schwartau","Zutatenverzeichnis: Pfirsiche, Zucker, Zitronensaftkonzentrat, Geliermittel Pektin.",228,966,"0,1",0,"55,6","54,8","0,4","0,03",https://www.edeka24.de/Lebensmittel/Fruehstueck-Snacks/Konfituere-Fruchtaufstriche/Schwartau-Extra-Pfirsich-340G.html,https://www.edeka24.de/out/pictures/generated/product/1/540_540_90/schwartexpfi.jpg
1231,Lebensmittel,Frühstück & Snacks,Konfitüre & Fruchtaufstriche,Bonne Maman Mirabellen-Konfitüre 370G,"3,49 €","9,43 €/kg","inkl. MwSt., zzgl. 4.95 € Versandkosten.",lieferbar innerhalb von 2-5 Werktagen,2023-05-03 00:00:36.910654,-,Hinweis zur Aufbewahrung: Bei Raumtemperatur lagern. Nach dem Öffnen kühl lagern.,"Verantwortliches Lebensmittelunternehmen:
Odenwald-Früchte GmbH, Bahnhofstraße 31, D-64747 Breuberg","Zutatenverzeichnis: Mirabellen, Zucker, brauner Rohrzucker, Zitronensaftkonzentrat, Geliermittel: Pektin (Citrus).",241,1025,"0,1",0,59,59,"0,4",0,https://www.edeka24.de/Lebensmittel/Fruehstueck-Snacks/Konfituere-Fruchtaufstriche/Bonne-Maman-Mirabellen-Konfituere-370G.html,https://www.edeka24.de/out/pictures/generated/product/1/540_540_90/bonnemamanmirabelle.jpg
1232,Lebensmittel,Frühstück & Snacks,Konfitüre & Fruchtaufstriche,Landliebe Konfitüre Sauerkirsche 200G,"2,49 €","12,45 €/kg","inkl. MwSt., zzgl. 4.95 € Versandkosten.",lieferbar innerhalb von 2-5 Werktagen,2023-05-03 00:00:40.509590,-,Hinweis zur Aufbewahrung: Nach dem Öffnen kühl aufbewahren.,"Verantwortliches Lebensmittelunternehmen:
Obstbauern Nahrungsmittel GmbH, Postfach 101747, 52017 Aachen","Zutatenverzeichnis: Zucker, Palmöl (zertifiziertes nachhaltiges Palmöl), 13% MANDELN, 3,7% Fettarmer Kakao, MAGERMILCHPULVER, MILCHZUCKER,, HASELNÜSSE, Emulgator SOJALECITHINE E 322, Vanilleextrakt",969,228,"0,2","0,1",54,54,"0,5","0,03",https://www.edeka24.de/Lebensmittel/Fruehstueck-Snacks/Konfituere-Fruchtaufstriche/Landliebe-Konfituere-Sauerkirsche-200G.html,https://www.edeka24.de/out/pictures/generated/product/1/540_540_90/landliebe-konfituere-extra-200g-sauerkirsche.jpg
1233,Lebensmittel,Frühstück & Snacks,Konfitüre & Fruchtaufstriche,Bonne Maman Schwarzkirsch-Konfitüre 370G,"4,29 €","11,59 €/kg","inkl. MwSt., zzgl. 4.95 € Versandkosten.",lieferbar innerhalb von 2-5 Werktagen,2023-05-03 00:00:43.856183,-,Hinweis zur Aufbewahrung: Nach dem Öffnen kühl lagern.,"Verantwortliches Lebensmittelunternehmen:
Odenwald-Früchte GmbH, Bahnhofstraße 31, D-64747 Breuberg","Zutatenverzeichnis: Früchte (Schwarzkirschen 45%, Kirschen 5%) Zucker, brauner Rohrzucker, Zitronensaftkonzentrat, Geliermittel: Pektine.",1031,243,"0,2",0,59,59,"0,7",0,https://www.edeka24.de/Lebensmittel/Fruehstueck-Snacks/Konfituere-Fruchtaufstriche/Bonne-Maman-Schwarzkirsch-Konfituere-370G.html,https://www.edeka24.de/out/pictures/generated/product/1/540_540_90/bonnemamanschwarzkirsche.jpg
1234,Lebensmittel,Frühstück & Snacks,Konfitüre & Fruchtaufstriche,Darbo Konfitüre Naturrein Extra Garten Erdbeeren 450G,"3,99 €","8,87 €/kg","inkl. MwSt., zzgl. 4.95 € Versandkosten.",lieferbar innerhalb von 2-5 Werktagen,2023-05-03 00:00:47.469680,-,Hinweis zur Aufbewahrung: Nach dem Öffnen gekühlt aufbewahren.,"Verantwortliches Lebensmittelunternehmen:
A. Darbo AG, Dornau 18, A-6135 Stans","Zutatenverzeichnis: Erdbeeren, Zucker, Zitronensaftkonzentrat, Geliermittel Pektin.",967,228,"0,0","0,0",55,55,"0,5","0,01",https://www.edeka24.de/Lebensmittel/Fruehstueck-Snacks/Konfituere-Fruchtaufstriche/Darbo-Konfituere-Naturrein-Extra-Garten-Erdbeeren-450G.html,https://www.edeka24.de/out/pictures/generated/product/1/540_540_90/darbo_konfitre_extra_gartenerdbeere(1).jpg
1235,Lebensmittel,Frühstück & Snacks,Konfitüre & Fruchtaufstriche,Landliebe Gelee Johannisbeeren 200G,"2,49 €","12,45 €/kg","inkl. MwSt., zzgl. 4.95 € Versandkosten.",lieferbar innerhalb von 2-5 Werktagen,2023-05-03 00:00:51.503267,Rotes Johannisbeer Gelee Extra,Hinweis zur Aufbewahrung: Nach dem Öffnen kühl aufbewahren.,"Verantwortliches Lebensmittelunternehmen:
Obstbauern Nahrungsmittel GmbH, Postfach 101747, 52017 Aachen","Zutatenverzeichnis: Roter Johannisbeersaft, Zucker, Geliermittel Pektine E440, Säuerungsmittel Citronensäure E330, Hergestellt aus 55g Früchten je 100g, Gesamtzuckergehalt 56g je 100g.",960,226,"0,1","0,1",54,54,"0,1","0,03",https://www.edeka24.de/Lebensmittel/Fruehstueck-Snacks/Konfituere-Fruchtaufstriche/Landliebe-Gelee-Johannisbeeren-200G.html,https://www.edeka24.de/out/pictures/generated/product/1/540_540_90/ldlgelee_johanisbeere_200g.jpg
1236,Lebensmittel,Frühstück & Snacks,Konfitüre & Fruchtaufstriche,Bonne Maman Heidelbeer-Konfitüre 370G,"4,29 €","11,59 €/kg","inkl. MwSt., zzgl. 4.95 € Versandkosten.",lieferbar innerhalb von 2-5 Werktagen,2023-05-03 00:00:55.171846,-,Hinweis zur Aufbewahrung: Nach dem Öffnen kühl lagern.,"Verantwortliches Lebensmittelunternehmen:
Odenwald-Früchte GmbH, Bahnhofstraße 31, D-64747 Breuberg","Zutatenverzeichnis: Heidelbeeren, Zucker, brauner Rohrzucker, Zitronensaftkonzentrat, Geliermittel: Pektine.",1024,241,"0,1",0,59,59,"0,3",0,https://www.edeka24.de/Lebensmittel/Fruehstueck-Snacks/Konfituere-Fruchtaufstriche/Bonne-Maman-Heidelbeer-Konfituere-370G.html,https://www.edeka24.de/out/pictures/generated/product/1/540_540_90/bonnemamanheidelbeere.jpg
1237,Lebensmittel,Frühstück & Snacks,Konfitüre & Fruchtaufstriche,Bonne Maman Pflaumen-Konfitüre 370G,"3,49 €","9,43 €/kg","inkl. MwSt., zzgl. 4.95 € Versandkosten.",lieferbar innerhalb von 2-5 Werktagen,2023-05-03 00:01:02.751563,-,Hinweis zur Aufbewahrung: Bei Raumtemperatur lagern. Nach dem Öffnen kühl lagern.,"Verantwortliches Lebensmittelunternehmen:
Odenwald-Früchte GmbH, Bahnhofstraße 31, D-64747 Breuberg","Zutatenverzeichnis: Pflaumen, Zucker, brauner Rohrzucker, Zitronensaftkonzentrat, Geliermittel: Pektin (Citrus).",1024,241,"0,1",0,59,59,"0,4",0,https://www.edeka24.de/Lebensmittel/Fruehstueck-Snacks/Konfituere-Fruchtaufstriche/Bonne-Maman-Pflaumen-Konfituere-370G.html,https://www.edeka24.de/out/pictures/generated/product/1/540_540_90/bonnemamanpflaume.jpg
1238,Lebensmittel,Frühstück & Snacks,Konfitüre & Fruchtaufstriche,Simmler Orangen-Marmelade 450G,"4,29 €","9,53 €/kg","inkl. MwSt., zzgl. 4.95 € Versandkosten.",lieferbar innerhalb von 2-5 Werktagen,2023-05-03 00:01:06.431154,Orangen-Marmelade mit in Streifen geschnittener Schale,,"Verantwortliches Lebensmittelunternehmen:
Franz Simmler GmbH & Co. KG, Franz-Simmler-Straße 1, D-79787 Lauchringen","Zutatenverzeichnis: Zucker, Orangen, Glukose-Fruktosesirup, Säuerungsmittel Citronensäure, Geliermittel Pektin. Hergestellt aus 30g Früchten je 100g. Gesamtzuckergehalt 63g je 100g.",1040,248,0,0,60,60,"0,3","0,2",https://www.edeka24.de/Lebensmittel/Fruehstueck-Snacks/Konfituere-Fruchtaufstriche/Simmler-Orangen-Marmelade-450G.html,https://www.edeka24.de/out/pictures/generated/product/1/540_540_90/simmler_orangenmarmelade_450_g.jpg
1239,Lebensmittel,Frühstück & Snacks,Konfitüre & Fruchtaufstriche,Simmler Konfitüre in Portionen 8ST 200G,"4,29 €","21,45 €/kg","inkl. MwSt., zzgl. 4.95 € Versandkosten.",lieferbar innerhalb von 2-5 Werktagen,2023-05-03 00:01:09.697031,"8 Genießerle (je 1 Portion Aprikosen-, Dreierlei-, Erdbeer-, Himbeer-, Sauerkirsch-, Schwarzkirsch-Konfitüre Extra, Quitten- und Rotes Johannisbeer-Gelee Extra)",,"Verantwortliches Lebensmittelunternehmen:
Franz Simmler GmbH & Co. KG, Franz-Simmler-Straße 1, D-79787 Lauchringen","Zutatenverzeichnis: Früchte (Aprikosen bzw. Rote Johannisbeeren 18%, Sauerkirschen 17%, Himbeeren 15% bzw. Erdbeeren bzw. Himbeeren bzw. Sauerkirschen bzw. Schwarzkirschen bzw. Quittensaft bzw. Roter Johannisbeersaft), Zucker, Glukose-Fruktosesirup, Säuerungsmittel Citronensäure, Geliermittel Pektin, Antioxidationsmittel Ascorbinsäure, Sonnenblumenöl. Hergestellt aus 50g Früchten je 100g. Gesamtzuckergehalt 59g je 100g.",1007,240,"0,1",g,57,57,"0,5",0,https://www.edeka24.de/Lebensmittel/Fruehstueck-Snacks/Konfituere-Fruchtaufstriche/Simmler-Konfituere-in-Portionen-8ST-200G.html,https://www.edeka24.de/out/pictures/generated/product/1/540_540_90/simmler_konfitre_in_portionen_8st_200g.jpg
1240,Lebensmittel,Frühstück & Snacks,Konfitüre & Fruchtaufstriche,Simmler Konfitüre EXTRA Schwarzkirsche 450G,"4,79 €","10,64 €/kg","inkl. MwSt., zzgl. 4.95 € Versandkosten.",lieferbar innerhalb von 2-5 Werktagen,2023-05-03 00:01:13.107988,-,,"Verantwortliches Lebensmittelunternehmen:
Franz Simmler GmbH & Co. KG, Franz-Simmler-Straße 1, D-79787 Lauchringen","Zutatenverzeichnis: Schwarzkirschen, Zucker, Rohrzucker, Säuerungsmittel Citronensäure, Geliermittel Pektin. Hergestellt aus 50g Früchten je 100g. Gesamtzuckergehalt 59g je 100g.",1057,252,"0,2",0,59,59,"0,5",g,https://www.edeka24.de/Lebensmittel/Fruehstueck-Snacks/Konfituere-Fruchtaufstriche/Simmler-Konfituere-EXTRA-Schwarzkirsche-450G.html,https://www.edeka24.de/out/pictures/generated/product/1/540_540_90/simmler_konfitre_extra_schwarzkirsche_450_g.jpg
1241,Lebensmittel,Frühstück & Snacks,Konfitüre & Fruchtaufstriche,Darbo Konfitüre Naturrein Tiroler Heidelbeer 450G,"4,29 €","9,53 €/kg","inkl. MwSt., zzgl. 4.95 € Versandkosten.",lieferbar innerhalb von 2-5 Werktagen,2023-05-03 00:01:16.411145,-,Hinweis zur Aufbewahrung: Nach dem Öffnen gekühlt aufbewahren.,"Verantwortliches Lebensmittelunternehmen:
A. Darbo AG, Dornau 18, A-6135 Stans","Zutatenverzeichnis: Heidelbeeren, Zucker, Zitronensaftkonzentrat, Geliermittel Pektin.",961,226,g,g,55,55,"0,5","0,0",https://www.edeka24.de/Lebensmittel/Fruehstueck-Snacks/Konfituere-Fruchtaufstriche/Darbo-Konfituere-Naturrein-Tiroler-Heidelbeer-450G.html,https://www.edeka24.de/out/pictures/generated/product/1/540_540_90/darbo_konfitre_naturrein_tiroler_heidelbeer_450_g.jpg
1242,Lebensmittel,Frühstück & Snacks,Konfitüre & Fruchtaufstriche,Bonne Maman Feigen-Konfitüre 370G,"3,49 €","9,43 €/kg","inkl. MwSt., zzgl. 4.95 € Versandkosten.",lieferbar innerhalb von 2-5 Werktagen,2023-05-03 00:01:19.955438,-,Hinweis zur Aufbewahrung: Bei Raumtemperatur lagern. Nach dem Öffnen kühl lagern.,"Verantwortliches Lebensmittelunternehmen:
Odenwald-Früchte GmbH, Bahnhofstraße 31, D-64747 Breuberg","Zutatenverzeichnis: Feigen, Zucker, brauner Rohrzucker, Zitronensaftkonzentrat, Geliermittel: Pektin (Citrus).",1034,243,"0,2",0,59,59,"0,7",0,https://www.edeka24.de/Lebensmittel/Fruehstueck-Snacks/Konfituere-Fruchtaufstriche/Bonne-Maman-Feigen-Konfituere-370G.html,https://www.edeka24.de/out/pictures/generated/product/1/540_540_90/bonne_maman_feigenkonfitre.jpg
1243,Lebensmittel,Frühstück & Snacks,Konfitüre & Fruchtaufstriche,Alnatura Bio Fruchtaufstrich Himbeere mit Agavendicksaft 200G,"3,29 €","16,45 €/kg","inkl. MwSt., zzgl. 4.95 € Versandkosten.",lieferbar innerhalb von 2-5 Werktagen,2023-05-03 00:01:23.668154,-,Hinweis zur Aufbewahrung: Nach dem Öffnen im Kühlschrank aufbewahren.,"Verantwortliches Lebensmittelunternehmen:
Alnatura GmbH, Mahatma-Gandhi-Straße 7, 64295 Darmstadt","Zutatenverzeichnis: Himbeeren* 70 %, Agavendicksaft* 28 %, Geliermittel: Apfelpektin, Zitronensaftkonzentrat* *aus biologischer Landwirtschaft.",472,112,"0,5","0,1",25,25,"0,9","0,04",https://www.edeka24.de/Lebensmittel/Fruehstueck-Snacks/Konfituere-Fruchtaufstriche/Alnatura-Bio-Fruchtaufstrich-Himbeere-mit-Agavendicksaft-200G.html,https://www.edeka24.de/out/pictures/generated/product/1/540_540_90/alnatura_bio_fruchtaufstrich_himbeere_mit_agavendicksaft_200g.jpg
1244,Lebensmittel,Frühstück & Snacks,Konfitüre & Fruchtaufstriche,Bonne Maman Pfirsich-Konfitüre 370G,"3,49 €","9,43 €/kg","inkl. MwSt., zzgl. 4.95 € Versandkosten.",lieferbar innerhalb von 2-5 Werktagen,2023-05-03 00:01:27.022938,-,Hinweis zur Aufbewahrung: Bei Raumtemperatur lagern. Nach dem Öffnen kühl lagern.,"Verantwortliches Lebensmittelunternehmen:
Odenwald-Früchte GmbH, Bahnhofstraße 31, D-64747 Breuberg","Zutatenverzeichnis: Pfirsiche, Zucker, brauner Rohrzucker, Zitronensaftkonzentrat, Geliermittel: Pektin (Citrus).",1024,241,"0,1",0,59,59,"0,4",0,https://www.edeka24.de/Lebensmittel/Fruehstueck-Snacks/Konfituere-Fruchtaufstriche/Bonne-Maman-Pfirsich-Konfituere-370G.html,https://www.edeka24.de/out/pictures/generated/product/1/540_540_90/bonne_maman_pfirsich_370g.jpg
1245,Lebensmittel,Frühstück & Snacks,Konfitüre & Fruchtaufstriche,Landliebe Konfitüre Aprikose 200G,"2,49 €","12,45 €/kg","inkl. MwSt., zzgl. 4.95 € Versandkosten.",lieferbar innerhalb von 2-5 Werktagen,2023-05-03 00:01:30.189677,-,Hinweis zur Aufbewahrung: Nach dem Öffnen kühl aufbewahren.,"Verantwortliches Lebensmittelunternehmen:
Obstbauern Nahrungsmittel GmbH, Postfach 101747, 52017 Aachen","Zutatenverzeichnis: Aprikosen, Zucker, Säuerungsmittel Citronensäure E 330, Geliermittel Pektine E 440",968,228,"0,1","0,1",55,54,"0,5","0,02",https://www.edeka24.de/Lebensmittel/Fruehstueck-Snacks/Konfituere-Fruchtaufstriche/Landliebe-Konfituere-Aprikose-200G.html,https://www.edeka24.de/out/pictures/generated/product/1/540_540_90/landliebe-konfituere-extra-200g-aprikose.jpg
1246,Lebensmittel,Frühstück & Snacks,Konfitüre & Fruchtaufstriche,Bonne Maman Aprikosen-Konfitüre 370G,"3,49 €","9,43 €/kg","inkl. MwSt., zzgl. 4.95 € Versandkosten.",lieferbar innerhalb von 2-5 Werktagen,2023-05-03 00:01:34.354778,-,Hinweis zur Aufbewahrung: Bei Raumtemperatur lagern. Nach dem Öffnen kühl lagern.,"Verantwortliches Lebensmittelunternehmen:
Odenwald-Frücht GmbH, 64747 Breuberg","Zutatenverzeichnis: Aprikosen, Zucker, brauner Rohrzucker, Zitronensaftkonzentrat, Geliermittel: Pektin (Citrus).",241,1024,"0,1",0,59,59,"0,5",0,https://www.edeka24.de/Lebensmittel/Fruehstueck-Snacks/Konfituere-Fruchtaufstriche/Bonne-Maman-Aprikosen-Konfituere-370G.html,https://www.edeka24.de/out/pictures/generated/product/1/540_540_90/bonne_maman_aprikosenkonfitre.jpg
1247,Lebensmittel,Frühstück & Snacks,Konfitüre & Fruchtaufstriche,Bonne Maman Bittere Orangen Marmelade 370G,"3,49 €","9,43 €/kg","inkl. MwSt., zzgl. 4.95 € Versandkosten.",lieferbar innerhalb von 2-5 Werktagen,2023-05-03 00:01:37.408116,-,Hinweis zur Aufbewahrung: Bei Raumtemperatur lagern. Nach dem Öffnen kühl lagern.,"Verantwortliches Lebensmittelunternehmen:
Odenwald-Früchte GmbH, Bahnhofstraße 31, D-64747 Breuberg","Zutatenverzeichnis: Zucker, Orangen, brauner Rohrzucker, Zitronensaftkonzentrat, Geliermittel: Pektin (Citrus).",238,1016,"0,1",0,59,59,"0,3",0,https://www.edeka24.de/Lebensmittel/Fruehstueck-Snacks/Konfituere-Fruchtaufstriche/Bonne-Maman-Bittere-Orangen-Marmelade-370G.html,https://www.edeka24.de/out/pictures/generated/product/1/540_540_90/bonnemamanbittero.jpg
1248,Lebensmittel,Frühstück & Snacks,Konfitüre & Fruchtaufstriche,Bonne Maman Schwarzes Johannisbeer-Gelee 370G,"3,49 €","9,43 €/kg","inkl. MwSt., zzgl. 4.95 € Versandkosten.",lieferbar innerhalb von 2-5 Werktagen,2023-05-03 00:01:40.743313,-,Hinweis zur Aufbewahrung: Bei Raumtemperatur lagern. Nach dem Öffnen kühl lagern.,"Verantwortliches Lebensmittelunternehmen:
Odenwald-Früchte GmbH, Bahnhofstraße 31, D-64747 Breuberg","Zutatenverzeichnis: Zucker, schwarzer Johannisbeersaft, Zitronensaftkonzentrat, brauner Rohrzucker, Geliermittel: Pektin (Citrus).",240,1018,0,0,59,59,"0,4",0,https://www.edeka24.de/Lebensmittel/Fruehstueck-Snacks/Konfituere-Fruchtaufstriche/Bonne-Maman-Schwarzes-Johannisbeer-Gelee-370G.html,https://www.edeka24.de/out/pictures/generated/product/1/540_540_90/bonnemamanschwarzejohannisbeere.jpg
1249,Lebensmittel,Frühstück & Snacks,Konfitüre & Fruchtaufstriche,Schwartau Extra Waldfrucht 340G,"2,99 €","8,79 €/kg","inkl. MwSt., zzgl. 4.95 € Versandkosten.",lieferbar innerhalb von 2-5 Werktagen,2023-05-03 00:01:43.923854,-,Hinweis zur Aufbewahrung: Nach dem Öffnen im Kühlschrank aufbewahren.,"Verantwortliches Lebensmittelunternehmen:
Schwartauer Werke, D-23608 Bad Schwartau","Zutatenverzeichnis: Fruchtmischung (Boysenbeeren, Himbeeren, Brombeeren, Heidelbeeren), Zucker, Zitronensaftkonzentrat, Geliermittel Pektin.",947,223,"0,3",0,"52,9","52,7","0,5","0,03",https://www.edeka24.de/Lebensmittel/Fruehstueck-Snacks/Konfituere-Fruchtaufstriche/Schwartau-Extra-Waldfrucht-340G.html,https://www.edeka24.de/out/pictures/generated/product/1/540_540_90/schwartau_extra_waldfrucht_340g.jpg
1250,Lebensmittel,Frühstück & Snacks,Konfitüre & Fruchtaufstriche,Zentis Frühstücks-Konfitüre Extra Brombeere 230G,"2,49 €","10,83 €/kg","inkl. MwSt., zzgl. 4.95 € Versandkosten.",lieferbar innerhalb von 2-5 Werktagen,2023-05-03 00:01:47.100297,Brombeer-Konfitüre Extra,Hinweis zur Aufbewahrung: Kühl lagern und innerhalb kurzer Zeit verbrauchen.,"Verantwortliches Lebensmittelunternehmen:
Zentis GmbH & Co. KG, 52070 Aachen","Zutatenverzeichnis: Brombeeren, Zucker, Geliermittel Pektine, Säuerungsmittel Citronensäure.",998,235,"0,5","0,1",55,53,"0,6","0,01",https://www.edeka24.de/Lebensmittel/Fruehstueck-Snacks/Konfituere-Fruchtaufstriche/Zentis-Fruehstuecks-Konfituere-Extra-Brombeere-230G.html,https://www.edeka24.de/out/pictures/generated/product/1/540_540_90/zentis_frhstckskonfitre_extra_brombeere_230g.jpg
1251,Lebensmittel,Frühstück & Snacks,Konfitüre & Fruchtaufstriche,Darbo Konfitüre Naturrein Erdbeer fein passiert 450G,"3,99 €","8,87 €/kg","inkl. MwSt., zzgl. 4.95 € Versandkosten.",lieferbar innerhalb von 2-5 Werktagen,2023-05-03 00:01:50.945308,-,Hinweis zur Aufbewahrung: Nach dem Öffnen gekühlt aufbewahren. Vor Gebrauch gut schütteln.,"Verantwortliches Lebensmittelunternehmen:
A. Darbo AG, 6135 Stans/Tirol, Österreich","Zutatenverzeichnis: Erdbeeren, Zucker, Zitronensaftkonzentrat, Geliermittel Pektin.",224,951,0,0,55,55,"0,5","0,02",https://www.edeka24.de/Lebensmittel/Fruehstueck-Snacks/Konfituere-Fruchtaufstriche/Darbo-Konfituere-Naturrein-Erdbeer-fein-passiert-450G.html,https://www.edeka24.de/out/pictures/generated/product/1/540_540_90/darbo_konfitre_naturrein_erdbeer_450_g.jpg
1252,Lebensmittel,Frühstück & Snacks,Konfitüre & Fruchtaufstriche,Alnatura Bio Fruchtaufstrich Himbeere 420G,"3,99 €","9,50 €/kg","inkl. MwSt., zzgl. 4.95 € Versandkosten.",lieferbar innerhalb von 2-5 Werktagen,2023-05-03 00:01:54.527684,Bio Fruchtaufstrich Himbeere,Hinweis zur Aufbewahrung: Nach dem Öffnen im Kühlschrank aufbewahren.,"Verantwortliches Lebensmittelunternehmen:
Alnatura GmbH, Mahatma-Gandhi-Straße 7, 64295 Darmstadt","Zutatenverzeichnis: Himbeeren* 55 %, Rohrohrzucker*, Geliermittel: Apfelpektin , Zitronensaftkonzentrat* *aus biologischer Landwirtschaft .",735,173,"0,5","0,1",41,41,"0,7","0,02",https://www.edeka24.de/Lebensmittel/Fruehstueck-Snacks/Konfituere-Fruchtaufstriche/Alnatura-Bio-Fruchtaufstrich-Himbeere-420G.html,https://www.edeka24.de/out/pictures/generated/product/1/540_540_90/4104420037465-alnatura-bio-fruchtaufstrichhimbeere.jpg
1253,Lebensmittel,Frühstück & Snacks,Konfitüre & Fruchtaufstriche,Simmler Konfitüre EXTRA Sauerkirsche 450G,"4,29 €","9,53 €/kg","inkl. MwSt., zzgl. 4.95 € Versandkosten.",lieferbar innerhalb von 2-5 Werktagen,2023-05-03 00:01:58.061311,-,,"Verantwortliches Lebensmittelunternehmen:
Franz Simmler GmbH & Co. KG, Franz-Simmler-Straße 1, D-79787 Lauchringen","Zutatenverzeichnis: Sauerkirschen, Zucker, Rohrzucker, Geliermittel Pektin, Säuerungsmittel Citronensäure. Hergestellt aus 50g Früchten je 100g. Gesamtzuckergehalt 59g je 100g.",245,1028,"0,3","0,1",58,58,"0,5",g,https://www.edeka24.de/Lebensmittel/Fruehstueck-Snacks/Konfituere-Fruchtaufstriche/Simmler-Konfituere-EXTRA-Sauerkirsche-450G.html,https://www.edeka24.de/out/pictures/generated/product/1/540_540_90/simmler_konfitre_extra_sauerkirsche_450_g.jpg
1254,Lebensmittel,Frühstück & Snacks,Konfitüre & Fruchtaufstriche,Bonne Maman Rhabarber-Konfitüre 370G,"3,49 €","9,43 €/kg","inkl. MwSt., zzgl. 4.95 € Versandkosten.",lieferbar innerhalb von 2-5 Werktagen,2023-05-03 00:02:01.199285,-,Hinweis zur Aufbewahrung: Nach dem Öffnen kühl lagern.,"Verantwortliches Lebensmittelunternehmen:
Odenwald-Früchte GmbH, Bahnhofstraße 31, D-64747 Breuberg","Zutatenverzeichnis: Rhabarber, Zucker, brauner Rohrzucker, Zitronensaftkonzentrat, Geliermittel: Pektin (Citrus).",237,1007,0,0,58,58,"0,4",0,https://www.edeka24.de/Lebensmittel/Fruehstueck-Snacks/Konfituere-Fruchtaufstriche/Bonne-Maman-Rhabarber-Konfituere-370G.html,https://www.edeka24.de/out/pictures/generated/product/1/540_540_90/bonnemamanrhabarber.jpg
1255,Lebensmittel,Frühstück & Snacks,Konfitüre & Fruchtaufstriche,Bonne Maman Brombeer-Konfitüre 370G,"4,29 €","11,59 €/kg","inkl. MwSt., zzgl. 4.95 € Versandkosten.",lieferbar innerhalb von 2-5 Werktagen,2023-05-03 00:02:04.981827,-,Hinweis zur Aufbewahrung: Bei Raumtemperatur lagern. Nach dem Öffnen kühl lagern.,"Verantwortliches Lebensmittelunternehmen:
Odenwald-Früchte GmbH, Bahnhofstraße 31, D-64747 Breuberg","Zutatenverzeichnis: Brombeeren, Zucker, brauner Rohrzucker, Zitronensaftkonzentrat, Geliermittel: Pektin (Citrus).",242,1027,"0,1",0,59,59,"0,7",0,https://www.edeka24.de/Lebensmittel/Fruehstueck-Snacks/Konfituere-Fruchtaufstriche/Bonne-Maman-Brombeer-Konfituere-370G.html,https://www.edeka24.de/out/pictures/generated/product/1/540_540_90/bonnemamanbrombeerkonfitre.jpg
1256,Lebensmittel,Frühstück & Snacks,Konfitüre & Fruchtaufstriche,Landliebe Konfitüre Waldheidelbeeren 200G,"2,69 €","13,45 €/kg","inkl. MwSt., zzgl. 4.95 € Versandkosten.",lieferbar innerhalb von 2-5 Werktagen,2023-05-03 00:02:08.647109,-,Hinweis zur Aufbewahrung: Nach dem Öffnen kühl aufbewahren,"Verantwortliches Lebensmittelunternehmen:
Obstbauern Nahrungsmittel GmbH, Postfach 101747, 52017 Aachen","Zutatenverzeichnis: Zucker, Waldheidelbeeren, Wasser, Geliermittel Pektine E440, Säuerungsmittel Citronensäure E330",230,977,"0,3","0,1",55,55,"0,3","0,02",https://www.edeka24.de/Lebensmittel/Fruehstueck-Snacks/Konfituere-Fruchtaufstriche/Landliebe-Konfituere-Waldheidelbeeren-200G.html,https://www.edeka24.de/out/pictures/generated/product/1/540_540_90/landliebe-konfituere-extra-200g-waldheidelbeere.jpg
1257,Lebensmittel,Frühstück & Snacks,Konfitüre & Fruchtaufstriche,Glück Passiert Fruchtaufstrich Schwarzkirsche 230G,"3,49 €","15,17 €/kg","inkl. MwSt., zzgl. 4.95 € Versandkosten.",lieferbar innerhalb von 2-5 Werktagen,2023-05-03 00:02:12.280600,-,"Hinweis zur Aufbewahrung: Kühl und trocken lagern, ohne direkte Sonneneinstrahlung.","Verantwortliches Lebensmittelunternehmen:
Privatmarmeladerie Friedrich Göbber GmbH, Fruchtallee 1, 27324 Eystrup","Zutatenverzeichnis: 70% Früchte (Schwarzkirschen, Schwarzkirschsaftkonzentrat), Zucker*, Zitronensaftkonzentrat, Geliermittel Pektin aus Äpfeln und Citrusfrüchten. *entspricht Gelierzucker",200,850,"0,5","0,1",47,47,"0,5","0,01",https://www.edeka24.de/Lebensmittel/Fruehstueck-Snacks/Konfituere-Fruchtaufstriche/Glueck-Passiert-Fruchtaufstrich-Schwarzkirsche-230G.html,https://www.edeka24.de/out/pictures/generated/product/1/540_540_90/glamp252ck_passiert_fruchtaufstrich_schwarzkirsche_230g.jpg
1258,Lebensmittel,Frühstück & Snacks,Konfitüre & Fruchtaufstriche,Landliebe Fruchtcreme Erdbeere 200G,"1,99 €","9,95 €/kg","inkl. MwSt., zzgl. 4.95 € Versandkosten.",lieferbar innerhalb von 2-5 Werktagen,2023-05-03 00:02:15.648238,"Erdbeeren Fruchtaufstrich, fein passiert",Hinweis zur Aufbewahrung: Nach dem Öffnen kühl aufbewahren.,"Verantwortliches Lebensmittelunternehmen:
Obstbauern Nahrungsmittel GmbH, Postfach 101747, 52017 Aachen","Zutatenverzeichnis: 55% Erdbeeren, Zucker, Geliermittel Pektine E440, Säuerungsmittel Citronensäure E 330, roter Traubensaft aus Saftkonzentrat, Hergestellt aus 55g Früchten je 100g, Gesamtzuckergehalt 56g je 100g",971,229,"0,2","0,1",55,54,"0,5","0,03",https://www.edeka24.de/Lebensmittel/Fruehstueck-Snacks/Konfituere-Fruchtaufstriche/Landliebe-Fruchtcreme-Erdbeere-200G.html,https://www.edeka24.de/out/pictures/generated/product/1/540_540_90/ldlfruchtcreme_erdbeere_200g.jpg
1259,Lebensmittel,Frühstück & Snacks,Konfitüre & Fruchtaufstriche,Alnatura Bio Fruchtaufstrich Hagebutte 260G,"2,19 €","8,42 €/kg","inkl. MwSt., zzgl. 4.95 € Versandkosten.",lieferbar innerhalb von 2-5 Werktagen,2023-05-03 00:02:19.489417,-,Hinweis zur Aufbewahrung: Nach dem Öffnen im Kühlschrank aufbewahren.,"Verantwortliches Lebensmittelunternehmen:
Alnatura GmbH, Mahatma-Gandhi-Straße 7, 64295 Darmstadt","Zutatenverzeichnis: Hagebutten* 55%, Rübenzucker*, Zitronensaftkonzentrat*, Geliermittel: Pektin *aus biologischer Landwirtschaft .",921,217,"0,5","0,1",51,51,"1,4","0,05",https://www.edeka24.de/Lebensmittel/Fruehstueck-Snacks/Konfituere-Fruchtaufstriche/Alnatura-Bio-Fruchtaufstrich-Hagebutte-260G.html,https://www.edeka24.de/out/pictures/generated/product/1/540_540_90/alnaturafruchtaufstrichhagebutte.jpg
1260,Lebensmittel,Frühstück & Snacks,Konfitüre & Fruchtaufstriche,Zentis Frühstücks-Konfitüre fein passiert Waldfrucht 230G,"2,49 €","10,83 €/kg","inkl. MwSt., zzgl. 4.95 € Versandkosten.",lieferbar innerhalb von 2-5 Werktagen,2023-05-03 00:02:24.239964,"Mehrfrucht-Konfitüre, fein passiert",Hinweis zur Aufbewahrung: Kühl lagern und innerhalb kurzer Zeit verbrauchen.,"Verantwortliches Lebensmittelunternehmen:
Zentis GmbH & Co. KG, 52070 Aachen","Zutatenverzeichnis: Zucker, 18,5% Himbeeren, 18% Brombeeren, 9% Heidelbeeren, 4,5% Holunderbeeren, Geliermittel Pektine, Säuerungsmittel Citronensäure.",981,231,"0,3","0,1",54,54,"0,7","0,01",https://www.edeka24.de/Lebensmittel/Fruehstueck-Snacks/Konfituere-Fruchtaufstriche/Zentis-Fruehstuecks-Konfituere-fein-passiert-Waldfrucht-230G.html,https://www.edeka24.de/out/pictures/generated/product/1/540_540_90/zentis_frhstckskonfitre_fein_passiert_waldfrucht_230g.jpg
1261,Lebensmittel,Frühstück & Snacks,Konfitüre & Fruchtaufstriche,Darbo Konfitüre Naturrein Feinste Himbeeren ohne Kerne 450G,"4,29 €","9,53 €/kg","inkl. MwSt., zzgl. 4.95 € Versandkosten.",lieferbar innerhalb von 2-5 Werktagen,2023-05-03 00:02:28.027794,HIMBEEREN Konfitüre Extra passiert Hergestellt aus 50g Früchten je 100g.,Hinweis zur Aufbewahrung: Nach dem Öffnen gekühlt aufbewahren.,"Verantwortliches Lebensmittelunternehmen:
A. Darbo AG, 6135 Stans/Tirol, Österreich","Zutatenverzeichnis: Himbeeren, Zucker, Zitronensaftkonzentrat, Geliermittel Pektin.",219,929,0,0,53,53,"0,6","0,02",https://www.edeka24.de/Lebensmittel/Fruehstueck-Snacks/Konfituere-Fruchtaufstriche/Darbo-Konfituere-Naturrein-Feinste-Himbeeren-ohne-Kerne-450G.html,https://www.edeka24.de/out/pictures/generated/product/1/540_540_90/darbo_konfitre_naturrein_himbeer.jpg
1262,Lebensmittel,Frühstück & Snacks,Konfitüre & Fruchtaufstriche,Bonne Maman Maronen-Creme 370G,"3,59 €","9,70 €/kg","inkl. MwSt., zzgl. 4.95 € Versandkosten.",lieferbar innerhalb von 2-5 Werktagen,2023-05-03 00:02:31.469144,-,Hinweis zur Aufbewahrung: Nach dem Öffnen kühl lagern.,"Verantwortliches Lebensmittelunternehmen:
Odenwald-Frücht GmbH, 64747 Breuberg","Zutatenverzeichnis: Zucker, Maronen, brauner Rohrzucker, Vanilleextrakt.",1038,245,"0,9","0,2",57,46,"0,7",0,https://www.edeka24.de/Lebensmittel/Fruehstueck-Snacks/Konfituere-Fruchtaufstriche/Bonne-Maman-Maronen-Creme-370G.html,https://www.edeka24.de/out/pictures/generated/product/1/540_540_90/bonnemamanmarone.jpg
1263,Lebensmittel,Frühstück & Snacks,Konfitüre & Fruchtaufstriche,Alnatura Bio Fruchtaufstrich Erdbeere mit Agavendicksaft 200G,"2,59 €","12,95 €/kg","inkl. MwSt., zzgl. 4.95 € Versandkosten.",lieferbar innerhalb von 2-5 Werktagen,2023-05-03 00:02:35.085138,Bio Fruchtaufstrich mit Erdbeeren und Agavendicksaft,Hinweis zur Aufbewahrung: Nach dem Öffnen im Kühlschrank aufbewahren.,"Verantwortliches Lebensmittelunternehmen:
Alnatura GmbH, Mahatma-Gandhi-Straße 7, 64295 Darmstadt","Zutatenverzeichnis: Erdbeeren* 70 %, Agavendicksaft* 28 %, Geliermittel: Pektin, Zitronensaftkonzentrat* *aus biologischer Landwirtschaft.",478,113,"0,6","0,2",25,25,"0,9","0,04",https://www.edeka24.de/Lebensmittel/Fruehstueck-Snacks/Konfituere-Fruchtaufstriche/Alnatura-Bio-Fruchtaufstrich-Erdbeere-mit-Agavendicksaft-200G.html,https://www.edeka24.de/out/pictures/generated/product/1/540_540_90/alnatura_bio_fruchtaufstrich_erdbeere_mit_agavendicksaft_200g.jpg
1264,Lebensmittel,Frühstück & Snacks,Konfitüre & Fruchtaufstriche,Schwartau Extra Himbeere 340G,"3,29 €","9,68 €/kg","inkl. MwSt., zzgl. 4.95 € Versandkosten.",lieferbar innerhalb von 2-5 Werktagen,2023-05-03 00:02:38.891094,-,Hinweis zur Aufbewahrung: Nach dem Öffnen im Kühlschrank aufbewahren.,"Verantwortliches Lebensmittelunternehmen:
Schwartau Werke, D-23608 Bad Schwartau","Zutatenverzeichnis: Himbeeren, Zucker, Zitronensaftkonzentrat, Geliermittel Pektin.",939,221,"0,2","0,0","52,1","51,8","0,7","0,03",https://www.edeka24.de/Lebensmittel/Fruehstueck-Snacks/Konfituere-Fruchtaufstriche/Schwartau-Extra-Himbeere-340G.html,https://www.edeka24.de/out/pictures/generated/product/1/540_540_90/schwartauexhimbeer.jpg
1265,Lebensmittel,Frühstück & Snacks,Konfitüre & Fruchtaufstriche,Landliebe Konfitüre Himbeeren 200G,"2,69 €","13,45 €/kg","inkl. MwSt., zzgl. 4.95 € Versandkosten.",lieferbar innerhalb von 2-5 Werktagen,2023-05-03 00:02:42.385314,-,Hinweis zur Aufbewahrung: Nach dem Öffnen kühl aufbewahren.,"Verantwortliches Lebensmittelunternehmen:
Obstbauern Nahrungsmittel GmbH, Postfach 101747, 52017 Aachen","Zutatenverzeichnis: Himbeeren, Zucker, Geliermittel Pektine, Säuerungsmittel Citronensäure,",991,233,"0,2","0,1",55,55,"0,7","0,02",https://www.edeka24.de/Lebensmittel/Fruehstueck-Snacks/Konfituere-Fruchtaufstriche/Landliebe-Konfituere-Himbeeren-200G.html,https://www.edeka24.de/out/pictures/generated/product/1/540_540_90/landliebe-himbeere-20147.jpg
1266,Lebensmittel,Frühstück & Snacks,Konfitüre & Fruchtaufstriche,Simmler Quitten Gelee Extra 450G,"4,29 €","9,53 €/kg","inkl. MwSt., zzgl. 4.95 € Versandkosten.",lieferbar innerhalb von 2-5 Werktagen,2023-05-03 00:02:45.704865,-,,"Verantwortliches Lebensmittelunternehmen:
Franz Simmler GmbH & Co. KG, Franz-Simmler-Straße 1, D-79787 Lauchringen","Zutatenverzeichnis: Quittensaft, Zucker, Rohrzucker, Geliermittel Pektin, Säuerungsmittel Citronensäure. Hergestellt aus 50g Früchten je 100g. Gesamtzuckergehalt 59g je 100g.",1006,240,"0,2",g,58,58,"0,2",g,https://www.edeka24.de/Lebensmittel/Fruehstueck-Snacks/Konfituere-Fruchtaufstriche/Simmler-Quitten-Gelee-Extra-450G.html,https://www.edeka24.de/out/pictures/generated/product/1/540_540_90/simmler_quitten_gelee_extra_450_g.jpg
1267,Lebensmittel,Frühstück & Snacks,Konfitüre & Fruchtaufstriche,Bonne Maman passiert Kirsche 345G,"3,79 €","10,99 €/kg","inkl. MwSt., zzgl. 4.95 € Versandkosten.",lieferbar innerhalb von 2-5 Werktagen,2023-05-03 00:02:49.532135,Fruchtaufstrich Kirsche und Apfel,Hinweis zur Aufbewahrung: Nach dem Öffnen gekühlt aufbewahren.,"Verantwortliches Lebensmittelunternehmen:
Bonne Maman, 64747 Breuberg","Zutatenverzeichnis: Früchte (Kirschen 50%, Äpfel 4%) Zucker, brauner Rohrzucker, Zitronensaftkonzentrat, Geliermittel: Pektine.",860,203,"0,2",0,49,49,"0,5",0,https://www.edeka24.de/Lebensmittel/Fruehstueck-Snacks/Konfituere-Fruchtaufstriche/Bonne-Maman-passiert-Kirsche-345G.html,https://www.edeka24.de/out/pictures/generated/product/1/540_540_90/bonne_maman_kirsche_passiert_345g.jpg
1268,Lebensmittel,Frühstück & Snacks,Konfitüre & Fruchtaufstriche,Darbo Konfitüre Extra Naturrein Feinste Himbeeren 450G,"4,29 €","9,53 €/kg","inkl. MwSt., zzgl. 4.95 € Versandkosten.",lieferbar innerhalb von 2-5 Werktagen,2023-05-03 00:02:54.134002,HIMBEEREN Konfitüre Extra.,Hinweis zur Aufbewahrung: Nach dem Öffnen gekühlt aufbewahren.,"Verantwortliches Lebensmittelunternehmen:
A. Darbo AG, 6135 Stans/Tirol, Österreich","Zutatenverzeichnis: Himbeeren, Zucker, Zitronensaftkonzentrat, Geliermittel Pektin.",959,226,0,0,54,54,"0,8",0,https://www.edeka24.de/Lebensmittel/Fruehstueck-Snacks/Konfituere-Fruchtaufstriche/Darbo-Konfituere-Extra-Naturrein-Feinste-Himbeeren-450G.html,https://www.edeka24.de/out/pictures/generated/product/1/540_540_90/darbo_konfitre_waldhimbeere.jpg
1269,Lebensmittel,Frühstück & Snacks,Konfitüre & Fruchtaufstriche,Bonne Maman Quitten-Gelee 370G,"3,49 €","9,43 €/kg","inkl. MwSt., zzgl. 4.95 € Versandkosten.",lieferbar innerhalb von 2-5 Werktagen,2023-05-03 00:02:57.909453,-,Hinweis zur Aufbewahrung: Bei Raumtemperatur lagern. Nach dem Öffnen kühl lagern.,"Verantwortliches Lebensmittelunternehmen:
Odenwald-Früchte GmbH, Bahnhofstraße 31, D-64747 Breuberg","Zutatenverzeichnis: Zucker, Quittensaft, brauner Rohrzucker, Zitronensaftkonzentrat, Geliermittel: Pektin (Citrus).",240,1018,"0,1",0,59,59,"0,2",0,https://www.edeka24.de/Lebensmittel/Fruehstueck-Snacks/Konfituere-Fruchtaufstriche/Bonne-Maman-Quitten-Gelee-370G.html,https://www.edeka24.de/out/pictures/generated/product/1/540_540_90/bonne_maman_quitten_gelee.jpg
1270,Lebensmittel,Frühstück & Snacks,Konfitüre & Fruchtaufstriche,Bonne Maman Kirsch-Konfitüre 370G,"3,49 €","9,43 €/kg","inkl. MwSt., zzgl. 4.95 € Versandkosten.",lieferbar innerhalb von 2-5 Werktagen,2023-05-03 00:03:02.815683,-,Hinweis zur Aufbewahrung: Bei Raumtemperatur lagern. Nach dem Öffnen kühl lagern.,"Verantwortliches Lebensmittelunternehmen:
Odenwald-Frücht GmbH, 64747 Breuberg","Zutatenverzeichnis: Kirschen, Zucker, brauner Rohrzucker, Zitronensaftkonzentrat, Geliermittel: Pektin (Citrus).",1030,243,"0,2",0,59,59,"0,7",0,https://www.edeka24.de/Lebensmittel/Fruehstueck-Snacks/Konfituere-Fruchtaufstriche/Bonne-Maman-Kirsch-Konfituere-370G.html,https://www.edeka24.de/out/pictures/generated/product/1/540_540_90/bonne_maman_kirschkonfitre.jpg
1271,Lebensmittel,Frühstück & Snacks,Konfitüre & Fruchtaufstriche,Bonne Maman Himbeer-Konfitüre 370G,"4,29 €","11,59 €/kg","inkl. MwSt., zzgl. 4.95 € Versandkosten.",lieferbar innerhalb von 2-5 Werktagen,2023-05-03 00:03:06.651891,-,Hinweis zur Aufbewahrung: Nach dem Öffnen kühl lagern.,"Verantwortliches Lebensmittelunternehmen:
Odenwald-Frücht GmbH, 64747 Breuberg","Zutatenverzeichnis: Himbeeren, Zucker, brauner Rohrzucker, Zitronensaftkonzentrat, Geliermittel: Pektine.",1016,239,"0,2",0,57,57,"0,7",0,https://www.edeka24.de/Lebensmittel/Fruehstueck-Snacks/Konfituere-Fruchtaufstriche/Bonne-Maman-Himbeer-Konfituere-370G.html,https://www.edeka24.de/out/pictures/generated/product/1/540_540_90/bonnemamanhimbeere.jpg
1272,Lebensmittel,Frühstück & Snacks,Konfitüre & Fruchtaufstriche,Schwartau Extra Aprikose 340G,"2,99 €","8,79 €/kg","inkl. MwSt., zzgl. 4.95 € Versandkosten.",lieferbar innerhalb von 2-5 Werktagen,2023-05-03 00:03:10.355486,Aprikosen-Konfitüre extra,Hinweis zur Aufbewahrung: Nach dem Öffnen im Kühlschrank aufbewahren.,"Verantwortliches Lebensmittelunternehmen:
Schwartauer Werke, D-23608 Bad Schwartau","Zutatenverzeichnis: Aprikosen, Zucker, Zitronensaftkonzentrat, Geliermittel Pektin.",229,974,"0,1",0,"55,5","54,6","0,5","0,03",https://www.edeka24.de/Lebensmittel/Fruehstueck-Snacks/Konfituere-Fruchtaufstriche/Schwartau-Extra-Aprikose-340G.html,https://www.edeka24.de/out/pictures/generated/product/1/540_540_90/schwartexapri.jpg
1273,Lebensmittel,Frühstück & Snacks,Konfitüre & Fruchtaufstriche,Alnatura Bio Fruchtaufstrich Waldfrucht 250G,"2,39 €","9,56 €/kg","inkl. MwSt., zzgl. 4.95 € Versandkosten.",lieferbar innerhalb von 2-5 Werktagen,2023-05-03 00:03:13.982181,Bio Fruchtaufstrich gemischte Beeren,Hinweis zur Aufbewahrung: Nach dem Öffnen im Kühlschrank aufbewahren.,"Verantwortliches Lebensmittelunternehmen:
Alnatura GmbH, Darmstädter Str. 63, 64404 Bickenbach","Zutatenverzeichnis: Fruchtmischung* 55% (in veränderlichen Gewichtsanteilen: Brombeeren*, Erdbeeren*, Himbeeren*, Heidelbeeren*, Holunderbeeren*), Rohrohrzucker*, Geliermittel: Pektin, Zitronensaftkonzentrat* *aus biologischer Landwirtschaft .",799,189,"0,5","0,1",44,44,"0,7","0,02",https://www.edeka24.de/Lebensmittel/Fruehstueck-Snacks/Konfituere-Fruchtaufstriche/Alnatura-Bio-Fruchtaufstrich-Waldfrucht-250G.html,https://www.edeka24.de/out/pictures/generated/product/1/540_540_90/alnatura_bio_fruchtaufstrich_waldfrucht.jpg
1274,Lebensmittel,Frühstück & Snacks,Konfitüre & Fruchtaufstriche,Schwartau Extra Himbeer-Johannisbeer Gelee 340G,"3,29 €","9,68 €/kg","inkl. MwSt., zzgl. 4.95 € Versandkosten.",lieferbar innerhalb von 2-5 Werktagen,2023-05-03 00:03:17.417491,-,,,"Zutatenverzeichnis: Zucker, Fruchtsaft (roter Johannisbeersaft 32%, Himbeersaft 18%), Geliermittel Pektin, Zitronensaftkonzentrat.",1014,239,"0,1","0,0","58,1","58,0","0,4","0,03",https://www.edeka24.de/Lebensmittel/Fruehstueck-Snacks/Konfituere-Fruchtaufstriche/Schwartau-Extra-Himbeer-Johannisbeer-Gelee-340G.html,https://www.edeka24.de/out/pictures/generated/product/1/540_540_90/schwartau_extra_himbeerjohannisbeer_gelee_340g.jpg
1275,Lebensmittel,Frühstück & Snacks,Konfitüre & Fruchtaufstriche,Schwartau Extra Schwarz-Kirsche 340G,"2,99 €","8,79 €/kg","inkl. MwSt., zzgl. 4.95 € Versandkosten.",lieferbar innerhalb von 2-5 Werktagen,2023-05-03 00:03:20.416298,Schwarzkirsch-Konfitüre,Hinweis zur Aufbewahrung: Nach dem Öffnen im Kühlschrank aufbewahren.,"Verantwortliches Lebensmittelunternehmen:
Schwartauer Werke, D-23608 Bad Schwartau","Zutatenverzeichnis: Zucker, Schwarzkirschen 43%, Schlehensaft 7%, Zitronensaftkonzentrat, Geliermittel Pektin.",964,227,"0,2",0,"54,9","54,1","0,5","0,03",https://www.edeka24.de/Lebensmittel/Fruehstueck-Snacks/Konfituere-Fruchtaufstriche/Schwartau-Extra-Schwarz-Kirsche-340G.html,https://www.edeka24.de/out/pictures/generated/product/1/540_540_90/schwartau_extra_schwarzkirsche_340g.jpg
1276,Lebensmittel,Frühstück & Snacks,Konfitüre & Fruchtaufstriche,Schwartau Samt Erdbeere Maxiglas 465G,"4,29 €","9,23 €/kg","inkl. MwSt., zzgl. 4.95 € Versandkosten.",lieferbar innerhalb von 2-5 Werktagen,2023-05-03 00:03:23.842552,"Fruchtaufstrich Erdbeere, Rote Johannisbeere, fein passiert",Hinweis zur Aufbewahrung: Nach dem Öffnen im Kühlschrank aufbewahren.,"Verantwortliches Lebensmittelunternehmen:
Schwartauer Werke GmbH & Co KGaA, 23608 Bad Schwartau","Zutatenverzeichnis: Fruchtmischung (Erdbeeren 40%, Rote Johannisbeeren 10%), Zucker, Zitronensaftkonzentrat, Geliermittel Pektin (aus Früchten).",849,200,"0,2",0,"47,9","47,6","0,5","0,03",https://www.edeka24.de/Lebensmittel/Fruehstueck-Snacks/Konfituere-Fruchtaufstriche/Schwartau-Samt-Erdbeere-Maxiglas-465G.html,https://www.edeka24.de/out/pictures/generated/product/1/540_540_90/schwartau_samt_erdbeere_maxiglas_465g.jpg
1277,Lebensmittel,Frühstück & Snacks,Konfitüre & Fruchtaufstriche,Glück Fruchtaufstrich Kirsche 230G,"3,29 €","14,30 €/kg","inkl. MwSt., zzgl. 4.95 € Versandkosten.",lieferbar innerhalb von 2-5 Werktagen,2023-05-03 00:03:27.850386,-,"Hinweis zur Aufbewahrung: Kühl und trocken lagern, ohne direkte Sonneneinstrahlung.","Verantwortliches Lebensmittelunternehmen:
Privatmarmeladerie Friedrich Göbber GmbH, Fruchtallee 1, 27324 Eystrup","Zutatenverzeichnis: 70% Früchte (Sauerkirschen, Sauerkirschsaftkonzentrat), Zucker*, Zitronensaftkonzentrat, Geliermittel Pektin aus Äpfeln und Citrusfrüchten*. Das Produkt kann Fruchtsteine oder Teile von Fruchtsteinen enthalten. *entspricht Gelierzucker",862,203,"0,5","0,1",47,47,"0,7","0,02",https://www.edeka24.de/Lebensmittel/Fruehstueck-Snacks/Konfituere-Fruchtaufstriche/Glueck-Fruchtaufstrich-Kirsche-230G.html,https://www.edeka24.de/out/pictures/generated/product/1/540_540_90/glamp252ck_fruchtaufstrich_kirsche_230g.jpg
1278,Lebensmittel,Frühstück & Snacks,Konfitüre & Fruchtaufstriche,Bonne Maman Waldfrucht-Konfitüre 370G,"4,29 €","11,59 €/kg","inkl. MwSt., zzgl. 4.95 € Versandkosten.",lieferbar innerhalb von 2-5 Werktagen,2023-05-03 00:03:31.420763,-,Hinweis zur Aufbewahrung: Nach dem Öffnen kühl lagern.,"Verantwortliches Lebensmittelunternehmen:
Odenwald-Früchte GmbH, Bahnhofstraße 31, D-64747 Breuberg","Zutatenverzeichnis: Früchte (Brombeeren 19%, Himbeeren 16%, Heidelbeeren 12%, Walderdbeeren 3%), Zucker, brauner Rohrzucker, Zitronensaftkonzentrat, Geliermittel: Pektine.",1015,239,"0,1",0,58,58,"0,6",0,https://www.edeka24.de/Lebensmittel/Fruehstueck-Snacks/Konfituere-Fruchtaufstriche/Bonne-Maman-Waldfrucht-Konfituere-370G.html,https://www.edeka24.de/out/pictures/generated/product/1/540_540_90/landliebekonfitrewaldfrucht.jpg
1279,Lebensmittel,Frühstück & Snacks,Konfitüre & Fruchtaufstriche,Darbo Naturrein Wildpreiselbeeren 400G,"4,19 €","10,48 €/kg","inkl. MwSt., zzgl. 4.95 € Versandkosten.",lieferbar innerhalb von 2-5 Werktagen,2023-05-03 00:03:34.804212,Wildpreiselbeeren Kompott fein-herb,Hinweis zur Aufbewahrung: Nach dem Öffnen gekühlt aufbewahren.,"Verantwortliches Lebensmittelunternehmen:
A. Darbo AG, 6135 Stans/Tirol, Östereich","Zutatenverzeichnis: 60% Preiselbeeren, Zucker, Zitronensaftkonzentrat, Geliermittel Pektin.",172,729,"0,5","0,1",41,41,0,"0,02",https://www.edeka24.de/Lebensmittel/Fruehstueck-Snacks/Konfituere-Fruchtaufstriche/Darbo-Naturrein-Wildpreiselbeeren-400G.html,https://www.edeka24.de/out/pictures/generated/product/1/540_540_90/darbopreisel.jpg
1280,Lebensmittel,Frühstück & Snacks,Konfitüre & Fruchtaufstriche,Bonne Maman Erdbeer-Quitten-Konfitüre 370G,"3,49 €","9,43 €/kg","inkl. MwSt., zzgl. 4.95 € Versandkosten.",lieferbar innerhalb von 2-5 Werktagen,2023-05-03 00:03:37.667559,Erdbeer-Quitten-Konfitüre Extra,Hinweis zur Aufbewahrung: Nach dem Öffnen kühl lagern.,"Verantwortliches Lebensmittelunternehmen:
Odenwald-Früchte GmbH, Bahnhofstraße 31, D-64747 Breuberg","Zutatenverzeichnis: Früchte (Erdbeeren 44%, Quittenstücke 6%), Zucker, brauner Rohrzucker, Zitronensaftkonzentrat, Geliermittel: Pektin aus Früchten.",1023,241,"0,1",0,59,59,"0,4",0,https://www.edeka24.de/Lebensmittel/Fruehstueck-Snacks/Konfituere-Fruchtaufstriche/Bonne-Maman-Erdbeer-Quitten-Konfituere-370G.html,https://www.edeka24.de/out/pictures/generated/product/1/540_540_90/bonnemamanerdbeere-quitte.jpg
1281,Lebensmittel,Frühstück & Snacks,Konfitüre & Fruchtaufstriche,Darbo Konfitüre Extra Rosen-Marillen 450G,"3,99 €","8,87 €/kg","inkl. MwSt., zzgl. 4.95 € Versandkosten.",lieferbar innerhalb von 2-5 Werktagen,2023-05-03 00:03:40.832830,MARILLEN (APRIKOSEN) Konfitüre Extra,Hinweis zur Aufbewahrung: Nach dem Öffnen gekühlt aufbewahren.,"Verantwortliches Lebensmittelunternehmen:
A. Darbo AG, Dornau 18, A-6135 Stans","Zutatenverzeichnis: Marillen (Aprikosen), Zucker, Zitronensaftkonzentrat, Geliermittel Pektin.",965,227,g,g,55,55,"0,6","0,0",https://www.edeka24.de/Lebensmittel/Fruehstueck-Snacks/Konfituere-Fruchtaufstriche/Darbo-Konfituere-Extra-Rosen-Marillen-450G.html,https://www.edeka24.de/out/pictures/generated/product/1/540_540_90/darbo_konfitre_extra_rosenmarillen_450g.jpg
1282,Lebensmittel,Frühstück & Snacks,Konfitüre & Fruchtaufstriche,Schwartau Samt Erdbeere 270G,"2,69 €","9,96 €/kg","inkl. MwSt., zzgl. 4.95 € Versandkosten.",lieferbar innerhalb von 2-5 Werktagen,2023-05-03 00:03:44.438363,"Fruchtaufstrich Erdbeere, Rote Johannisbeere, fein passiert",Hinweis zur Aufbewahrung: Nach dem Öffnen im Kühlschrank aufbewahren.,"Verantwortliches Lebensmittelunternehmen:
Schwartauer Werke GmbH & Co KGaA, 23608 Bad Schwartau","Zutatenverzeichnis: Fruchtmischung (Erdbeeren 40%, Rote Johannisbeeren 10%), Zucker, Zitronensaftkonzentrat, Geliermittel Pektin (aus Früchten).",200,849,"0,2",0,"47,9","47,6","0,5","0,03",https://www.edeka24.de/Lebensmittel/Fruehstueck-Snacks/Konfituere-Fruchtaufstriche/Schwartau-Samt-Erdbeere-270G.html,https://www.edeka24.de/out/pictures/generated/product/1/540_540_90/schwartausamterd.jpg
1283,Lebensmittel,Frühstück & Snacks,Konfitüre & Fruchtaufstriche,Schwartau Extra Bittere Orange 340G,"2,69 €","7,91 €/kg","inkl. MwSt., zzgl. 4.95 € Versandkosten.",lieferbar innerhalb von 2-5 Werktagen,2023-05-03 00:03:48.345722,Orangenmarmelade,Hinweis zur Aufbewahrung: Nach dem Öffnen im Kühlschrank aufbewahren.,"Verantwortliches Lebensmittelunternehmen:
Schwartauer Werke, D-23608 Bad Schwartau","Zutatenverzeichnis: Orangen, Zucker, Zitronensaftkonzentrat, Geliermittel Pektin.",974,229,"0,1",0,"55,7","55,6","0,5","0,02",https://www.edeka24.de/Lebensmittel/Fruehstueck-Snacks/Konfituere-Fruchtaufstriche/Schwartau-Extra-Bittere-Orange-340G.html,https://www.edeka24.de/out/pictures/generated/product/1/540_540_90/schwartauexbittereorange.jpg
1284,Lebensmittel,Frühstück & Snacks,Konfitüre & Fruchtaufstriche,Bonne Maman Himbeer-Gelee 370G,"4,29 €","11,59 €/kg","inkl. MwSt., zzgl. 4.95 € Versandkosten.",lieferbar innerhalb von 2-5 Werktagen,2023-05-03 00:03:51.461352,-,Hinweis zur Aufbewahrung: Nach dem Öffnen kühl lagern.,"Verantwortliches Lebensmittelunternehmen:
Odenwald-Früchte GmbH, Bahnhofstraße 31, D-64747 Breuberg","Zutatenverzeichnis: Himbeersaft, Zucker, brauner Rohrzucker, Zitronensaftkonzentrat, Geliermittel: Pektine.",243,1030,"0,2",0,59,59,"0,7",0,https://www.edeka24.de/Lebensmittel/Fruehstueck-Snacks/Konfituere-Fruchtaufstriche/Bonne-Maman-Himbeer-Gelee-370G.html,https://www.edeka24.de/out/pictures/generated/product/1/540_540_90/bon-maman-himbeer-gele.jpg
1285,Lebensmittel,Frühstück & Snacks,Konfitüre & Fruchtaufstriche,Schwartau Extra Rote Johannisbeere 340G,"2,69 €","7,91 €/kg","inkl. MwSt., zzgl. 4.95 € Versandkosten.",lieferbar innerhalb von 2-5 Werktagen,2023-05-03 00:03:54.568009,Rote-Johannisbeer-Konfitüre extra,Hinweis zur Aufbewahrung: Nach dem Öffnen im Kühlschrank aufbewahren.,"Verantwortliches Lebensmittelunternehmen:
Schwartauer Werke, D-23608 Bad Schwartau","Zutatenverzeichnis: Rote Johannisbeeren, Zucker, Geliermittel Pektin, Zitronensaftkonzentrat.",948,223,"0,1",0,"53,1",53,"0,6","0,03",https://www.edeka24.de/Lebensmittel/Fruehstueck-Snacks/Konfituere-Fruchtaufstriche/Schwartau-Extra-Rote-Johannisbeere-340G.html,https://www.edeka24.de/out/pictures/generated/product/1/540_540_90/schwartauexrotejohannisbeere.jpg
1286,Lebensmittel,Frühstück & Snacks,Konfitüre & Fruchtaufstriche,Simmler Konfitüre EXTRA Schwarzkirsch mit Kirschwasser 450G,"4,79 €","10,64 €/kg","inkl. MwSt., zzgl. 4.95 € Versandkosten.",lieferbar innerhalb von 2-5 Werktagen,2023-05-03 00:03:58.793421,-,,"Verantwortliches Lebensmittelunternehmen:
Franz Simmler GmbH & Co. KG, Franz-Simmler-Straße 1, D-79787 Lauchringen","Zutatenverzeichnis: Schwarzkirschen, Zucker, Rohrzucker, Kirschwasser, Säuerungsmittel Citronensäure, Geliermittel Pektin. Hergestellt aus 50g Früchten je 100g. Gesamtzuckergehalt 59g je 100g.",1060,252,"0,2",0,59,59,"0,5",g,https://www.edeka24.de/Lebensmittel/Fruehstueck-Snacks/Konfituere-Fruchtaufstriche/Simmler-Konfituere-EXTRA-Schwarzkirsch-mit-Kirschwasser-450G.html,https://www.edeka24.de/out/pictures/generated/product/1/540_540_90/simmler_konfitre_extra_schwarzkirsch_mit_kirschwasser_450_g.jpg
1287,Lebensmittel,Frühstück & Snacks,Konfitüre & Fruchtaufstriche,Landliebe Fruchtcreme Aprikosen 200G,"2,49 €","12,45 €/kg","inkl. MwSt., zzgl. 4.95 € Versandkosten.",lieferbar innerhalb von 2-5 Werktagen,2023-05-03 00:04:02.938946,"Aprikosen Fruchtaufstrich, fein passiert",Hinweis zur Aufbewahrung: Nach dem Öffnen kühl aufbewahren.,"Verantwortliches Lebensmittelunternehmen:
Obstbauern Nahrungsmittel GmbH, Postfach 101747, 52017 Aachen","Zutatenverzeichnis: 55% Aprikosen, Zucker, Säuerungsmittel Citronensäure E330, Geliermittel Pektine E440: Hergestellt aus 55g Früchten je 100g, Gesamtzuckergehalt 56g je 100g",968,228,"0,1","0,1",55,54,"0,5","0,02",https://www.edeka24.de/Lebensmittel/Fruehstueck-Snacks/Konfituere-Fruchtaufstriche/Landliebe-Fruchtcreme-Aprikosen-200G.html,https://www.edeka24.de/out/pictures/generated/product/1/540_540_90/ldlfruchtcreme_aprikose_200g.jpg
1288,Lebensmittel,Frühstück & Snacks,Konfitüre & Fruchtaufstriche,Mövenpick Gourmet-Frühstück Himbeer-Passionsfrucht 250G,"3,29 €","13,16 €/kg","inkl. MwSt., zzgl. 4.95 € Versandkosten.",lieferbar innerhalb von 2-5 Werktagen,2023-05-03 00:04:07.416692,Fruchtaufstrich Himbeere-Passionsfrucht,Hinweis zur Aufbewahrung: Nach dem Öffnen im Kühlschrank aufbewahren,"Verantwortliches Lebensmittelunternehmen:
SCHWARTAUER WERKE GmbH & Co. KGaA, Lübecker Straße 49-55, 23611 Bad Schwartau","Zutatenverzeichnis: Himbeeren 45%, Zucker, Passionsfruchtsaft aus Passionsfruchtkonzentrat 10%, Verdickungsmittel: Pektin, Säuerungsmittel: Citronensäure.",841,198,"0,2",0,"46,5","46,3","0,7","0,03",https://www.edeka24.de/Lebensmittel/Fruehstueck-Snacks/Konfituere-Fruchtaufstriche/Moevenpick-Gourmet-Fruehstueck-Himbeer-Passionsfrucht-250G.html,https://www.edeka24.de/out/pictures/generated/product/1/540_540_90/mvenpickgfhimpass.jpg
1289,Lebensmittel,Frühstück & Snacks,Konfitüre & Fruchtaufstriche,Simmler Konfitüre EXTRA Aprikosen 450G,"4,29 €","9,53 €/kg","inkl. MwSt., zzgl. 4.95 € Versandkosten.",lieferbar innerhalb von 2-5 Werktagen,2023-05-03 00:04:11.588186,-,,"Verantwortliches Lebensmittelunternehmen:
Franz Simmler GmbH & Co. KG, Franz-Simmler-Straße 1, D-79787 Lauchringen","Zutatenverzeichnis: Aprikosen, Zucker, Rohrzucker, Säuerungsmittel Citronensäure, Geliermittel Pektin, Antioxidationsmittel Ascorbinsäure. Hergestellt aus 50g Früchten je 100g. Gesamtzuckergehalt 59g je 100g.",1007,240,0,g,58,58,"0,1",g,https://www.edeka24.de/Lebensmittel/Fruehstueck-Snacks/Konfituere-Fruchtaufstriche/Simmler-Konfituere-EXTRA-Aprikosen-450G.html,https://www.edeka24.de/out/pictures/generated/product/1/540_540_90/simmler_konfitre_extra_aprikosen_450_g.jpg
1290,Lebensmittel,Frühstück & Snacks,Konfitüre & Fruchtaufstriche,Simmler Konfitüre EXTRA Dreierlei Gsälz 450G,"4,29 €","9,53 €/kg","inkl. MwSt., zzgl. 4.95 € Versandkosten.",lieferbar innerhalb von 2-5 Werktagen,2023-05-03 00:04:15.275549,-,,"Verantwortliches Lebensmittelunternehmen:
Franz Simmler GmbH & Co. KG, Franz-Simmler-Straße 1, D-79787 Lauchringen","Zutatenverzeichnis: Früchte (Rote Johannisbeeren 19%, Sauerkirschen 16%, Himbeeren 15%), Zucker, Rohrzucker, Säuerungsmittel Citronensäure, Geliermittel Pektin. Hergestellt aus 50g Früchten je 100g. Gesamtzuckergehalt 59g je 100g.",243,1019,"0,2",0,57,57,"0,6",0,https://www.edeka24.de/Lebensmittel/Fruehstueck-Snacks/Konfituere-Fruchtaufstriche/Simmler-Konfituere-EXTRA-Dreierlei-Gsaelz-450G.html,https://www.edeka24.de/out/pictures/generated/product/1/540_540_90/simmler_konfitre_extra_dreierlei_gslz_450_g.jpg
1291,Lebensmittel,Frühstück & Snacks,Konfitüre & Fruchtaufstriche,Mövenpick Gourmet-Frühstück Aprikose 250G,"3,29 €","13,16 €/kg","inkl. MwSt., zzgl. 4.95 € Versandkosten.",lieferbar innerhalb von 2-5 Werktagen,2023-05-03 00:04:18.781558,Fruchtaufstrich Aprikose,Hinweis zur Aufbewahrung: Nach dem Öffnen im Kühlschrank aufbewahren.,"Verantwortliches Lebensmittelunternehmen:
Schwartauer Werke GmbH & Co KGaA, 23608 Bad Schwartau","Zutatenverzeichnis: Aprikosen, Zucker, Verdickungsmittel: Pektin, Säuerungsmittel: Citronensäure, Antioxidationsmittel: Ascorbinsäure.",832,196,"0,1",0,"46,2","45,7","0,5","0,02",https://www.edeka24.de/Lebensmittel/Fruehstueck-Snacks/Konfituere-Fruchtaufstriche/Moevenpick-Gourmet-Fruehstueck-Aprikose-250G.html,https://www.edeka24.de/out/pictures/generated/product/1/540_540_90/mvenpick_gourmetfrhstck_aprikose_250_g.jpg
1292,Lebensmittel,Frühstück & Snacks,Konfitüre & Fruchtaufstriche,Darbo Bio Erdbeere 260G,"3,79 €","14,58 €/kg","inkl. MwSt., zzgl. 4.95 € Versandkosten.",lieferbar innerhalb von 2-5 Werktagen,2023-05-03 00:04:22.398356,Bio Fruchtaufstrich Erdbeere,Hinweis zur Aufbewahrung: Nach dem Öffnen gekühlt aufbewahren und rasch verbrauchen.,"Verantwortliches Lebensmittelunternehmen:
A. Darbo AG, 6135 Stans/Tirol, Österreich","Zutatenverzeichnis: 60 % Erdbeeren*, Zucker*, Geliermittel Pektin, Zitronensaftkonzentrat*. *aus biologischer Landwirtschaft",794,187,0,0,45,45,"0,5","0,03",https://www.edeka24.de/Lebensmittel/Fruehstueck-Snacks/Konfituere-Fruchtaufstriche/Darbo-Bio-Erdbeere-260G.html,https://www.edeka24.de/out/pictures/generated/product/1/540_540_90/bio_darbo_naturgarten_erdbeer_260g.jpg
1293,Lebensmittel,Frühstück & Snacks,Konfitüre & Fruchtaufstriche,Schwartau Gelee Himbeere 200G,"2,99 €","14,95 €/kg","inkl. MwSt., zzgl. 4.95 € Versandkosten.",lieferbar innerhalb von 2-5 Werktagen,2023-05-03 00:04:26.254608,-,Hinweis zur Aufbewahrung: Nach dem Öffnen im Kühlschrank aufbewahren.,"Verantwortliches Lebensmittelunternehmen:
Schwartauer Werke GmbH & Co KGaA, 23608 Bad Schwartau","Zutatenverzeichnis: Himbeersaft, Zucker, Zitronensaftkonzentrat, Geliermittel Pektin (aus Früchten).",1007,237,0,0,"57,7","57,2","0,2","0,04",https://www.edeka24.de/Lebensmittel/Fruehstueck-Snacks/Konfituere-Fruchtaufstriche/Schwartau-Gelee-Himbeere-200G.html,https://www.edeka24.de/out/pictures/generated/product/1/540_540_90/schwartageleehimbeere.jpg
1294,Lebensmittel,Frühstück & Snacks,Konfitüre & Fruchtaufstriche,Bonne Maman passiert Erdbeere 345G,"3,79 €","10,99 €/kg","inkl. MwSt., zzgl. 4.95 € Versandkosten.",lieferbar innerhalb von 2-5 Werktagen,2023-05-03 00:04:29.854847,Fruchtaufstrich Erdbeere und Rote Johannisbeere,Hinweis zur Aufbewahrung: Nach dem Öffnen gekühlt lagern.,"Verantwortliches Lebensmittelunternehmen:
Bonne Maman, 64747 Breuberg","Zutatenverzeichnis: Früchte (Erdbeeren 48,4%, rote Johannisbeeren 1,6%) Zucker, brauner Rohrzucker, Zitronensaftkonzentrat, Geliermittel: Pektine.",865,204,"0,3",0,48,47,"0,4",0,https://www.edeka24.de/Lebensmittel/Fruehstueck-Snacks/Konfituere-Fruchtaufstriche/Bonne-Maman-passiert-Erdbeere-345G.html,https://www.edeka24.de/out/pictures/generated/product/1/540_540_90/bonne_maman_passiert_erdbeere_345g.jpg
1295,Lebensmittel,Frühstück & Snacks,Konfitüre & Fruchtaufstriche,Schwartau Samt Zweierlei Kirschen 270G,"2,69 €","9,96 €/kg","inkl. MwSt., zzgl. 4.95 € Versandkosten.",lieferbar innerhalb von 2-5 Werktagen,2023-05-03 00:04:33.757261,"Fruchtaufstrich Sauerkirsche, Schwarzkirsche, fein passiert",Hinweis zur Aufbewahrung: Nach dem Öffnen im Kühlschrank aufbewahren.,"Verantwortliches Lebensmittelunternehmen:
Schwartauer Werke GmbH & Co KGaA, 23608 Bad Schwartau","Zutatenverzeichnis: Fruchtmischung (Sauerkirschen 25%, Schwarzkirschen 25%), Zucker, Wasser, Geliermittel Pektin (aus Früchten), Zitronensaftkonzentrat.",859,203,"0,2",0,"48,6","48,3","0,5","0,04",https://www.edeka24.de/Lebensmittel/Fruehstueck-Snacks/Konfituere-Fruchtaufstriche/Schwartau-Samt-Zweierlei-Kirschen-270G.html,https://www.edeka24.de/out/pictures/generated/product/1/540_540_90/schwartausamt2kirschen.jpg
1296,Lebensmittel,Frühstück & Snacks,Konfitüre & Fruchtaufstriche,Simmler Konfitüre EXTRA Hagebutte 450G,"4,29 €","9,53 €/kg","inkl. MwSt., zzgl. 4.95 € Versandkosten.",lieferbar innerhalb von 2-5 Werktagen,2023-05-03 00:04:37.496757,-,,"Verantwortliches Lebensmittelunternehmen:
Franz Simmler GmbH & Co. KG, Franz-Simmler-Straße 1, D-79787 Lauchringen","Zutatenverzeichnis: Hagebutten, Zucker, Rohrzucker, Säuerungsmittel Citronensäure, Geliermittel Pektin. Hergestellt aus 50g Früchten je 100g. Gesamtzuckergehalt 59g je 100g.",1179,281,"0,3",0,59,59,"1,9",g,https://www.edeka24.de/Lebensmittel/Fruehstueck-Snacks/Konfituere-Fruchtaufstriche/Simmler-Konfituere-EXTRA-Hagebutte-450G.html,https://www.edeka24.de/out/pictures/generated/product/1/540_540_90/simmler_konfitre_extra_hagebutte_450_g.jpg
1297,Lebensmittel,Frühstück & Snacks,Konfitüre & Fruchtaufstriche,Bonne Maman Erdbeer-Rote Johannisbeer-Konfitüre 370G,"3,49 €","9,43 €/kg","inkl. MwSt., zzgl. 4.95 € Versandkosten.",lieferbar innerhalb von 2-5 Werktagen,2023-05-03 00:04:40.541245,-,Hinweis zur Aufbewahrung: Nach dem Öffnen kühl aufbewahren.,"Verantwortliches Lebensmittelunternehmen:
Odenwald-Frücht GmbH, 64747 Breuberg","Zutatenverzeichnis: Früchte (Erdbeeren 25%, rote Johannisbeeren 25%), Zucker, brauner Rohrzucker, Geliermittel: Pektine.",1018,240,"0,3",0,58,58,"0,5",0,https://www.edeka24.de/Lebensmittel/Fruehstueck-Snacks/Konfituere-Fruchtaufstriche/Bonne-Maman-Erdbeer-Rote-Johannisbeer-Konfituere-370G.html,https://www.edeka24.de/out/pictures/generated/product/1/540_540_90/bonnemamanerd-jo-konf.jpg
1298,Lebensmittel,Frühstück & Snacks,Konfitüre & Fruchtaufstriche,Schwartau Samt Aprikose 270G,"2,99 €","11,07 €/kg","inkl. MwSt., zzgl. 4.95 € Versandkosten.",lieferbar innerhalb von 2-5 Werktagen,2023-05-03 00:04:44.135953,"Fruchtaufstrich Aprikose, fein passiert",Hinweis zur Aufbewahrung: Nach dem Öffnen im Kühlschrank aufbewahren.,"Verantwortliches Lebensmittelunternehmen:
Schwartauer Werke GmbH & Co KGaA, 23608 Bad Schwartau","Zutatenverzeichnis: Aprikosen 50%, Zucker, Zitronensaftkonzentrat, Geliermittel Pektin (aus Früchten).",205,868,"0,1",0,"49,5","48,4","0,5","0,04",https://www.edeka24.de/Lebensmittel/Fruehstueck-Snacks/Konfituere-Fruchtaufstriche/Schwartau-Samt-Aprikose-270G.html,https://www.edeka24.de/out/pictures/generated/product/1/540_540_90/schwartausamtaprikose.jpg
1299,Lebensmittel,Frühstück & Snacks,Konfitüre & Fruchtaufstriche,Glück Fruchtaufstrich Aprikose 230G,"3,29 €","14,30 €/kg","inkl. MwSt., zzgl. 4.95 € Versandkosten.",lieferbar innerhalb von 2-5 Werktagen,2023-05-03 00:04:47.718302,"Sie sieht aus wie eine kleine Sonne und kitzelt unseren Gaumen am Morgen mindestens genauso schön wach, wie die ersten Sonnenstrahlen. Die Aprikose hat zwar ein Herz aus Stein, aber das passt nun so gar nicht zu ihrem sehr sanften Gemüt. Deswegen kommt in unseren Fruchtaufstrich nur die zarte Schale. Die harten Kerne kommen alle in den Boden, damit ganz viele neue leckere Aprikosenbäume wachsen.","Hinweis zur Aufbewahrung: Kühl und trocken lagern, ohne direkte Sonneneinstrahlung.","Verantwortliches Lebensmittelunternehmen:
Privatmarmeladerie Friedrich Göbber GmbH, Fruchtallee 1, 27324 Eystrup","Zutatenverzeichnis: 70% Aprikosen, Zucker*, Zitronensaftkonzentrat, Geliermittel Pektin aus Äpfeln und Citrusfrüchten*. Das Produkt kann Fruchtsteine oder Teile von Fruchtsteinen enthalten. *entspricht Gelierzucker",195,829,"0,5","0,1",46,46,"0,6","0,02",https://www.edeka24.de/Lebensmittel/Fruehstueck-Snacks/Konfituere-Fruchtaufstriche/Glueck-Fruchtaufstrich-Aprikose-230G.html,https://www.edeka24.de/out/pictures/generated/product/1/540_540_90/glamp252ck_fruchtaufstrich_aprikose_230g.jpg
1300,Lebensmittel,Frühstück & Snacks,Konfitüre & Fruchtaufstriche,Simmler Konfitüre EXTRA Waldbeeren 450G,"5,79 €","12,87 €/kg","inkl. MwSt., zzgl. 4.95 € Versandkosten.",lieferbar innerhalb von 2-5 Werktagen,2023-05-03 00:04:51.190247,-,,"Verantwortliches Lebensmittelunternehmen:
Franz Simmler GmbH & Co. KG, Franz-Simmler-Straße 1, D-79787 Lauchringen","Zutatenverzeichnis: Früchte (Brombeeren 17%, Himbeeren 17%, Heidelbeeren 16%), Zucker, Rohrzucker, Säuerungsmittel Citronensäure, Geliermittel Pektin. Hergestellt aus 50g Früchten je 100g. Gesamtzuckergehalt 59g je 100g.",996,237,"0,3",0,55,55,"0,6",0,https://www.edeka24.de/Lebensmittel/Fruehstueck-Snacks/Konfituere-Fruchtaufstriche/Simmler-Konfituere-EXTRA-Waldbeeren-450G.html,https://www.edeka24.de/out/pictures/generated/product/1/540_540_90/simmler_konfitre_extra_waldbeeren_450_g.jpg
1301,Lebensmittel,Frühstück & Snacks,Konfitüre & Fruchtaufstriche,Schwartau Samt Heidelbeere 270G,"3,29 €","12,19 €/kg","inkl. MwSt., zzgl. 4.95 € Versandkosten.",lieferbar innerhalb von 2-5 Werktagen,2023-05-03 00:04:54.732786,"Fruchtaufstrich Heidelbeere, fein passiert",Hinweis zur Aufbewahrung: Nach dem Öffnen im Kühlschrank aufbewahren.,"Verantwortliches Lebensmittelunternehmen:
Schwartauer Werke GmbH & Co KGaA, 23608 Bad Schwartau","Zutatenverzeichnis: Zucker, Heidelbeeren 40%, Wasser, Geliermittel Pektin (aus Früchten),Zitronensaftkonzentrat.",199,847,"0,2",0,"47,4","47,2","0,3","0,05",https://www.edeka24.de/Lebensmittel/Fruehstueck-Snacks/Konfituere-Fruchtaufstriche/Schwartau-Samt-Heidelbeere-270G.html,https://www.edeka24.de/out/pictures/generated/product/1/540_540_90/schwartau_samt_heidelbeere_270g.jpg
1302,Lebensmittel,Frühstück & Snacks,Konfitüre & Fruchtaufstriche,Mövenpick Gourmet-Frühstück Waldfrucht 250G,"3,29 €","13,16 €/kg","inkl. MwSt., zzgl. 4.95 € Versandkosten.",lieferbar innerhalb von 2-5 Werktagen,2023-05-03 00:04:57.839057,Fruchtaufstrich Waldfrucht,Hinweis zur Aufbewahrung: Nach dem Öffnen im Kühlschrank aufbewahren,"Verantwortliches Lebensmittelunternehmen:
SCHWARTAUER WERKE GmbH & Co. KGaA, Lübecker Straße 49-55, 23611 Bad Schwartau","Zutatenverzeichnis: Fruchtmischung (Himbeeren, Brombeeren, Boysenbeeren, Heidelbeeren), Zucker, Schlehensaft, Verdickungsmittel: Pektin, Säuerungsmittel: Citronensäure.",841,198,"0,2",0,"46,5","46,4","0,6","0,03",https://www.edeka24.de/Lebensmittel/Fruehstueck-Snacks/Konfituere-Fruchtaufstriche/Moevenpick-Gourmet-Fruehstueck-Waldfrucht-250G.html,https://www.edeka24.de/out/pictures/generated/product/1/540_540_90/mvenpick_gourmetfrhstck_waldfrucht_250_g.jpg
1303,Lebensmittel,Frühstück & Snacks,Konfitüre & Fruchtaufstriche,Bonne Maman passiert Aprikose 345G,"3,79 €","10,99 €/kg","inkl. MwSt., zzgl. 4.95 € Versandkosten.",lieferbar innerhalb von 2-5 Werktagen,2023-05-03 00:05:01.279201,Fruchtaufstrich Aprikose,Hinweis zur Aufbewahrung: Nach dem Öffnen gekühlt lagern.,"Verantwortliches Lebensmittelunternehmen:
Bonne Maman, 64747 Breuberg","Zutatenverzeichnis: Aprikosen 50%, Zucker, brauner Rohrzucker, Zitronensaftkonzentrat, Geliermittel: Pektine.",871,205,"0,3",0,49,49,"0,4",0,https://www.edeka24.de/Lebensmittel/Fruehstueck-Snacks/Konfituere-Fruchtaufstriche/Bonne-Maman-passiert-Aprikose-345G.html,https://www.edeka24.de/out/pictures/generated/product/1/540_540_90/bonne_maman_passiert_aprikose_345g.jpg
1304,Lebensmittel,Frühstück & Snacks,Konfitüre & Fruchtaufstriche,Simmler Konfitüre EXTRA Himbeere mit Himbeergeist 450G,"5,79 €","12,87 €/kg","inkl. MwSt., zzgl. 4.95 € Versandkosten.",lieferbar innerhalb von 2-5 Werktagen,2023-05-03 00:05:05.337276,-,,"Verantwortliches Lebensmittelunternehmen:
Franz Simmler GmbH & Co. KG, Franz-Simmler-Straße 1, D-79787 Lauchringen","Zutatenverzeichnis: Himbeeren, Zucker, Rohrzucker, Himbeergeist, Säuerungsmittel Citronensäure, Geliermittel Pektin. Hergestellt aus 50g Früchten je 100g. Gesamtzuckergehalt 59g je 100g.",1022,243,"0,2",0,56,56,"0,7",0,https://www.edeka24.de/Lebensmittel/Fruehstueck-Snacks/Konfituere-Fruchtaufstriche/Simmler-Konfituere-EXTRA-Himbeere-mit-Himbeergeist-450G.html,https://www.edeka24.de/out/pictures/generated/product/1/540_540_90/simmler_konfitre_extra_himbeere_mit_himbeergeist_450_g.jpg
1305,Lebensmittel,Frühstück & Snacks,Konfitüre & Fruchtaufstriche,Simmler Konfitüre EXTRA Himbeere 450G,"5,79 €","12,87 €/kg","inkl. MwSt., zzgl. 4.95 € Versandkosten.",lieferbar innerhalb von 2-5 Werktagen,2023-05-03 00:05:08.939041,-,,"Verantwortliches Lebensmittelunternehmen:
Franz Simmler GmbH & Co. KG, Franz-Simmler-Straße 1, D-79787 Lauchringen","Zutatenverzeichnis: Himbeeren, Zucker, Rohrzucker, Säuerungsmittel Citronensäure, Geliermittel Pektin. Hergestellt aus 50g Früchten je 100g. Gesamtzuckergehalt 59g je 100g.",237,997,"0,2",g,55,55,"0,7",g,https://www.edeka24.de/Lebensmittel/Fruehstueck-Snacks/Konfituere-Fruchtaufstriche/Simmler-Konfituere-EXTRA-Himbeere-450G.html,https://www.edeka24.de/out/pictures/generated/product/1/540_540_90/simmler_konfitre_extra_himbeere_450_g.jpg
1306,Lebensmittel,Frühstück & Snacks,Nuss- & Schokocreme,Ferrero Nutella Nuss-Nougat-Creme 450G,"3,19 €","7,09 €/kg","inkl. MwSt., zzgl. 4.95 € Versandkosten.",lieferbar innerhalb von 2-5 Werktagen,2023-05-03 00:05:12.139040,-,Hinweis zur Aufbewahrung: Kühl und trocken aufbewahren,"Verantwortliches Lebensmittelunternehmen:
Ferrero, 60624 Frankfurt am Main GERMANY","Zutatenverzeichnis: Zucker, Palmöl, HASELNÜSSE (13 %), MAGERMILCHPULVER (8,7 %),fettarmer Kakao, Emulgator Lecithine (SOJA), Vanillin.",539,2252,"30,9","10,6","57,5","56,3","6,3","0,107",https://www.edeka24.de/Lebensmittel/Fruehstueck-Snacks/Nuss-Schokocreme/Ferrero-Nutella-Nuss-Nougat-Creme-450G.html,https://www.edeka24.de/out/pictures/generated/product/1/540_540_90/ferrero_nutella_nussnougatcreme_450g.jpg
1307,Lebensmittel,Frühstück & Snacks,Nuss- & Schokocreme,EDEKA Nuss Nougat Creme 400G,"2,49 €","6,23 €/kg","inkl. MwSt., zzgl. 4.95 € Versandkosten.",lieferbar innerhalb von 2-5 Werktagen,2023-05-03 00:05:15.954119,-,Hinweis zur Aufbewahrung: Vor Wärme geschützt lagern.,"Verantwortliches Lebensmittelunternehmen:
EDEKA ZENTRALE Stiftung & Co. KG, D-22291 Hamburg","Zutatenverzeichnis: Zucker, Sonnenblumenöl, 13% HASELNÜSSE, 9% fettarmes Kakaopulver, MAGERMILCHPULVER, Kakaobutter, Emulgator: Lecithine. Das Produkt kann andere SCHALENFRÜCHTE.",2325,558,"35,6","6,1","50,2","48,1","6,8","0,13",https://www.edeka24.de/Lebensmittel/Fruehstueck-Snacks/Nuss-Schokocreme/EDEKA-Nuss-Nougat-Creme-400G.html,https://www.edeka24.de/out/pictures/generated/product/1/540_540_90/edeka_nuss_nougat_creme_400g.jpg
1308,Lebensmittel,Frühstück & Snacks,Nuss- & Schokocreme,Milka Haselnusscreme 350G,"2,69 €","7,69 €/kg","inkl. MwSt., zzgl. 4.95 € Versandkosten.",lieferbar innerhalb von 2-5 Werktagen,2023-05-03 00:05:20.329205,-,Hinweis zur Aufbewahrung: Trocken lagern und vor Wärme schützen.,"Verantwortliches Lebensmittelunternehmen:
Mondelez Deutschland GmbH, D-28078 Bremen","Zutatenverzeichnis: Zucker, Sonnenblumenöl (28%), Süssmolkenpulver (aus MILCH), HASELNUSSMASSE (5%), fettarmes Kakaopulver, MAGERMILCHPULVER, Kakaobutter, Emulgator (Sonnenblumenlecithine), Speisesalz, Aromen. Kann WEIZEN, andere NÜSSE und ERDNUSS entahlten.",2301,552,34,"5,7",57,57,"3,8","0,18",https://www.edeka24.de/Lebensmittel/Fruehstueck-Snacks/Nuss-Schokocreme/Milka-Haselnusscreme-350G.html,https://www.edeka24.de/out/pictures/generated/product/1/540_540_90/milka_haselnusscreme_350g(1).jpg
1309,Lebensmittel,Frühstück & Snacks,Nuss- & Schokocreme,Zentis Erdnussbutter Creamy 350G,"3,19 €","9,11 €/kg","inkl. MwSt., zzgl. 4.95 € Versandkosten.",lieferbar innerhalb von 2-5 Werktagen,2023-05-03 00:05:23.971621,-,,"Verantwortliches Lebensmittelunternehmen:
Zentis GmbH& Ko. KG, 52070 Aachen","Zutatenverzeichnis: ERDNÜSSE (90%), Zucker, Palmfett ganz gehärtet (zertifiziert nachhaltiges Palmöl), Speisesalz. Kann andere SCHALENFRÜCHTE enthalten.",623,2580,50,10,15,10,25,"1,1",https://www.edeka24.de/Lebensmittel/Fruehstueck-Snacks/Nuss-Schokocreme/Zentis-Erdnussbutter-Creamy-350G.html,https://www.edeka24.de/out/pictures/generated/product/1/540_540_90/zentisernubu.jpg
1310,Lebensmittel,Frühstück & Snacks,Nuss- & Schokocreme,Alnatura Bio Schoko-Nuss 500G,"7,49 €","14,98 €/kg","inkl. MwSt., zzgl. 4.95 € Versandkosten.",lieferbar innerhalb von 2-5 Werktagen,2023-05-03 00:05:28.628285,Bio Haselnuss-Kakao-Creme,Hinweis zur Aufbewahrung: Mindestens haltbar bis: siehe Deckel,"Verantwortliches Lebensmittelunternehmen:
Alnatura GmbH, Mahatma-Gandhi-Straße 7, 64295 Darmstadt","Zutatenverzeichnis: HASELNÜSSE* 45%, Rohrohrzucker*, Palmfett*, MAGERMILCHPULVER* 10%, stark entöltes Kakaopulver* 4%, Bourbonvanilleschote* gemahlen *aus biologischer Landwirtschaft . Kann Spuren von ERDNUSS, MANDEL, WALNUSS, CASHEWNUSS, MACADAMIANUSS, SESAM und LUPINE enthalten.",2453,591,43,"9,1",37,36,11,"0,15",https://www.edeka24.de/Lebensmittel/Fruehstueck-Snacks/Nuss-Schokocreme/Alnatura-Bio-Schoko-Nuss-500G.html,https://www.edeka24.de/out/pictures/generated/product/1/540_540_90/bio_alnatura_schokonusscreme_500g.jpg
1311,Lebensmittel,Frühstück & Snacks,Nuss- & Schokocreme,Mövenpick Haselnuss Creme Nuss & Milch 300G,"4,79 €","15,97 €/kg","inkl. MwSt., zzgl. 4.95 € Versandkosten.",lieferbar innerhalb von 2-5 Werktagen,2023-05-03 00:05:32.266984,Nougatcreme mit Milch,Hinweis zur Aufbewahrung: Vor Wärme geschützt und trocken lagern.,"Verantwortliches Lebensmittelunternehmen:
Schwartauer Werke, 23608 Bad Schwartau","Zutatenverzeichnis: Zucker, Sonnenblumenöl, MAGERMILCHPULVER 15%, geröstete HASELNÜSSE 10%, VOLLMILCHPULVER 8%, SÜSSMOLKENPULVER, Kakaobutter, LAKTOSE, Emulgator: Lecithine, natürliches Vanillearoma. Kann andere SCHALENFRÜCHTE und SOJA enthalten.",2181,522,"30,8","5,8","54,4","54,2","6,5","0,37",https://www.edeka24.de/Lebensmittel/Fruehstueck-Snacks/Nuss-Schokocreme/Moevenpick-Haselnuss-Creme-Nuss-Milch-300G.html,https://www.edeka24.de/out/pictures/generated/product/1/540_540_90/mvenpicknussmilch.jpg
1312,Lebensmittel,Frühstück & Snacks,Nuss- & Schokocreme,Bionella Bio Nuss-Nougat-Creme vegan Fairtrade 400G,"3,99 €","9,98 €/kg","inkl. MwSt., zzgl. 4.95 € Versandkosten.",lieferbar innerhalb von 2-5 Werktagen,2023-05-03 00:05:35.636318,-,Hinweis zur Aufbewahrung: Bitte dieses hochwertige Naturprodukt vor Hitze schützen und nicht im Kühlschrank lagern.,"Verantwortliches Lebensmittelunternehmen:
RAPUNZEL Naturkost, 87764 Legau","Zutatenverzeichnis: Rohrzucker°, Palmöl°, Sonnenblumenöl, HASELNÜSSE 14%, Kakaopulver° stark entölt, SÜSSLUPINENMEHL, Bourbon Vanille. 100% aus kontrolliert biologischem Anbau. °fair gehandelt von Rapunzel HAND IN HAND-Partnern. Allergikerhinweis: Produktionsbedingt können Spuren von anderen NÜSSEN, ERDNÜSSEN, SESAM und MILCH enthalten sein.",2466,593,43,11,43,40,"6,9","0,01",https://www.edeka24.de/Lebensmittel/Fruehstueck-Snacks/Nuss-Schokocreme/Bionella-Bio-Nuss-Nougat-Creme-vegan-Fairtrade-400G.html,https://www.edeka24.de/out/pictures/generated/product/1/540_540_90/bionella_bio_nussnougatcreme_vegan_fairtrade_400_g.jpg
1313,Lebensmittel,Frühstück & Snacks,Nuss- & Schokocreme,Calvé Erdnussbutter Creamy 210G,"2,89 €","13,76 €/kg","inkl. MwSt., zzgl. 4.95 € Versandkosten.",lieferbar innerhalb von 2-5 Werktagen,2023-05-03 00:05:39.045552,-,,"Verantwortliches Lebensmittelunternehmen:
Unilever Deutschland, Postfach 570 237, 22771 Hamburg","Zutatenverzeichnis: 85% geröstete ERDNÜSSE, pflanzliche Öle und Fette (ERDNUSS, Raps, SOJA, Palm ganz gehärtet), Speisesalz. Kann Spuren von anderen NÜSSEN enthalten.",646,2673,56,"8,9",10,"4,8",23,"0,55",https://www.edeka24.de/Lebensmittel/Fruehstueck-Snacks/Nuss-Schokocreme/Calv-Erdnussbutter-Creamy-210G.html,https://www.edeka24.de/out/pictures/generated/product/1/540_540_90/calve_erdnussbutter_creamy_210g.jpg
1314,Lebensmittel,Frühstück & Snacks,Nuss- & Schokocreme,Alnatura Bio Erdnussmus fein 250G,"2,89 €","11,56 €/kg","inkl. MwSt., zzgl. 4.95 € Versandkosten.",lieferbar innerhalb von 2-5 Werktagen,2023-05-03 00:05:41.969910,-,,"Verantwortliches Lebensmittelunternehmen:
Alnatura GmbH, Mahatma-Gandhi-Straße 7, 64295 Darmstadt","Zutatenverzeichnis: ERDNÜSSE* *aus biologischer Landwirtschaft. Kann Spuren von MILCH, MANDEL, HASELNUSS, WALNUSS, CASHEWNUSS, MACADMIANUSS, SESAM und LUPINE enthalten.",2562,618,49,10,12,"6,2",29,"0,01",https://www.edeka24.de/Lebensmittel/Fruehstueck-Snacks/Nuss-Schokocreme/Alnatura-Bio-Erdnussmus-fein-250G.html,https://www.edeka24.de/out/pictures/generated/product/1/540_540_90/alnatura_bio_erdnussmus_fein_250g.jpg
1315,Lebensmittel,Frühstück & Snacks,Nuss- & Schokocreme,Ferrero Nutella Nuss-Nougat Creme 6ST 90G,"2,19 €","24,33 €/kg","inkl. MwSt., zzgl. 4.95 € Versandkosten.",lieferbar innerhalb von 2-5 Werktagen,2023-05-03 00:05:44.922321,Nutella hat als erste Nuss-Nugat-Creme den Markt der süßen Brotaufstriche entscheidend geprägt. Pflanzliche Zutaten wie Haselnüsse und Kakao sowie das Beste aus entrahmter Milch haben Nutella mittlerweile zur Kultmarke werden lassenBeliebt sowohl bei Kindern und Jugendlichen als auch bei Erwachsenen.,Hinweis zur Aufbewahrung: Nicht im Kühlschrank lagern. Vor Hitze schützen,"Verantwortliches Lebensmittelunternehmen:
R. Münchow - int. Weine und Delikatessen e. K., Hegaustr. 19a 78224 Singen","Zutatenverzeichnis: Zucker, pflanzliches Fett (Palmöl), Haselnüsse (13%), fettarmer Kakao, MAGERMILCHPULVER (7,5%), Emulgator SOJALECITHIN, Vanillin. Glutenfrei.",2252,539,"30,9","10,6","57,7","56,3","6,3","0,107",https://www.edeka24.de/Lebensmittel/Fruehstueck-Snacks/Nuss-Schokocreme/Ferrero-Nutella-Nuss-Nougat-Creme-6ST-90G.html,https://www.edeka24.de/out/pictures/generated/product/1/540_540_90/nutella6er-pack.jpg
1316,Lebensmittel,Frühstück & Snacks,Nuss- & Schokocreme,Valsoia La Crema vegan 400G,"4,79 €","11,98 €/kg","inkl. MwSt., zzgl. 4.95 € Versandkosten.",lieferbar innerhalb von 2-5 Werktagen,2023-05-03 00:05:49.191753,"Aufstrich- Creme mit Haselnüssen, Kakao und Soja",Hinweis zur Aufbewahrung: Vor Wärme geschützt und trocken aufbewahren,"Verantwortliches Lebensmittelunternehmen:
Genuport Trade GmbH, D-22848 Norderstedt","Zutatenverzeichnis: Zucker, Pflanzenöle und Pflanzenfett (Kakaobutter und Sonnenblumenöl), HASELNÜSSE 14%, Magerkakao 11%, SOJA- Ballaststoffe 3%, Emulgator Sonnenblumenlecithine, Aromen. Kann Spuren von MILCHEIWEISS, ERDNÜSSEN, und anderen SCHALENFRÜCHTEN enthalten.",2148,514,28,"4,8",57,55,"5,2","0,01",https://www.edeka24.de/Lebensmittel/Fruehstueck-Snacks/Nuss-Schokocreme/Valsoia-La-Crema-vegan-400G.html,https://www.edeka24.de/out/pictures/generated/product/1/540_540_90/gtin-8006040277374-_frontal_27737_-la-crema-400g.jpg
1317,Lebensmittel,Frühstück & Snacks,Nuss- & Schokocreme,Alnatura Bio Nuss-Nougat Creme 400G,"3,79 €","9,48 €/kg","inkl. MwSt., zzgl. 4.95 € Versandkosten.",lieferbar innerhalb von 2-5 Werktagen,2023-05-03 00:05:52.998159,-,,"Verantwortliches Lebensmittelunternehmen:
Alnatura Produktions- und Handels GmbH, Mahatma-Gandhi-Str. 7, 64295 Darmstadt","Zutatenverzeichnis: Rohrohrzucker*, Sonnenblumenöl*, HASELNÜSSE* 13 %, Kakaopulver* starkentölt 8,5 %, MAGERMILCHPULVER*, Palmfett* ungehärtet, Emulgator:SOJALECITHIN*, Bourbon-Vanilleschote* gemahlen. *aus biologischer Landwirtschaft.",2302,553,36,"6,3",49,48,"6,1","0,08",https://www.edeka24.de/Lebensmittel/Fruehstueck-Snacks/Nuss-Schokocreme/Alnatura-Bio-Nuss-Nougat-Creme-400G.html,https://www.edeka24.de/out/pictures/generated/product/1/540_540_90/alnaturanuss-nougat.jpg
1318,Lebensmittel,Frühstück & Snacks,Nuss- & Schokocreme,Bio Alnatura Erdnusscreme Crunchy 250G,"2,99 €","11,96 €/kg","inkl. MwSt., zzgl. 4.95 € Versandkosten.",lieferbar innerhalb von 2-5 Werktagen,2023-05-03 00:05:56.514524,Bio Erdnusscreme gesalzen mit gerösteten Erdnussstückchen,Hinweis zur Aufbewahrung: Mindestens haltbar bis: siehe Deckel,"Verantwortliches Lebensmittelunternehmen:
Alnatura GmbH, Mahatma-Gandhi-Straße 7, 64295 Darmstadt","Zutatenverzeichnis: ERDNÜSSE* 88%, Palmfett*, Meersalz, Vollrohrzucker* *aus biologischer Landwirtschaft . Kann Spuren von MILCH, MANDEL, HASELNUSS, WALNUSS, CASHEWNUSS, MACADAMIANUSS, SESAM und LUPINE enthalten.",2636,636,53,15,12,"6,4",25,"0,98",https://www.edeka24.de/Lebensmittel/Fruehstueck-Snacks/Nuss-Schokocreme/Bio-Alnatura-Erdnusscreme-Crunchy-250G.html,https://www.edeka24.de/out/pictures/generated/product/1/540_540_90/alnaerdcre.jpg
1319,Lebensmittel,Frühstück & Snacks,Nuss- & Schokocreme,Minus L Laktosefreie Nuss-Nougat-Creme 400G,"4,79 €","11,98 €/kg","inkl. MwSt., zzgl. 4.95 € Versandkosten.",lieferbar innerhalb von 2-5 Werktagen,2023-05-03 00:06:00.032139,"Laktosefreie* Nuss-Nougat Creme * Laktose < 0,1 g / 100 g",Hinweis zur Aufbewahrung: Bei Zimmertemperatur lagern und nach dem Öffnen zügig verbrauchen. Transport- und Lagerbedingungen: + 18 °C bis + 22°C Trocken lagern.,"Verantwortliches Lebensmittelunternehmen:
OMIRA GmbH, Jahnstraße 10, 88214 Ravensburg (Deutschland)","Zutatenverzeichnis: Zucker, pflanzliche Öle (Raps, Palm), 13 % HASELNÜSSE, 7,5 % fettarmes Kakaopulver, 4 % TROCKENMILCHERZEUGNIS**, Kann Spuren von Gluten enthalten MILCHPROTEIN, Emulgator: Sonnenblumenlecithine; Laktase ** hergestellt aus MAGERMILCH",2396,576,"39,1",8,"48,3","46,6","6,2","0,1",https://www.edeka24.de/Lebensmittel/Fruehstueck-Snacks/Nuss-Schokocreme/Minus-L-Laktosefreie-Nuss-Nougat-Creme-400G.html,https://www.edeka24.de/out/pictures/generated/product/1/540_540_90/minus_l_laktosefreie_nussnougatcreme_400g.jpg
1320,Lebensmittel,Frühstück & Snacks,Nuss- & Schokocreme,EDEKA Bio My Veggie Mandelmus braun 250G,"5,99 €","23,96 €/kg","inkl. MwSt., zzgl. 4.95 € Versandkosten.",lieferbar innerhalb von 2-5 Werktagen,2023-05-03 00:06:03.161726,-,,"Verantwortliches Lebensmittelunternehmen:
EDEKA ZENTRALE Stiftung & Co. KG, D-22291 Hamburg","Zutatenverzeichnis: MANDELN*. *aus kontrolliert ökologischer Landwirtschaft Das Produkt kann Spuren von ERDNÜSSEN, anderen SCHALENFRÜCHTEN, SESAM, MILCH und LUPINE enthalten.",2681,649,"57,4","5,5",5,"3,9","23,4","0,004",https://www.edeka24.de/Lebensmittel/Fruehstueck-Snacks/Nuss-Schokocreme/EDEKA-Bio-My-Veggie-Mandelmus-braun-250G.html,https://www.edeka24.de/out/pictures/generated/product/1/540_540_90/edeka_bio_vegan_mandelmus_braun_250g(1).jpg
1321,Lebensmittel,Frühstück & Snacks,Nuss- & Schokocreme,Alnatura Bio Erdnussmus Crunchy 250G,"2,59 €","10,36 €/kg","inkl. MwSt., zzgl. 4.95 € Versandkosten.",lieferbar innerhalb von 2-5 Werktagen,2023-05-03 00:06:06.445714,-,Hinweis zur Aufbewahrung: Mindestens haltbar bis: siehe Deckel,"Verantwortliches Lebensmittelunternehmen:
Alnatura GmbH, Mahatma-Gandhi-Str. 7, 64295 Darmstadt","Zutatenverzeichnis: ERDNÜSSE* geröstet *aus biologischer Landwirtschaft . Kann Spuren von MILCH, MANDEL, HASELNUSS, WALNUSS, CASHEWNUSS, MACADAMIANUSS, SESAM und LUPINE enthalten.",2562,618,49,10,12,"6,2",29,"<0,01",https://www.edeka24.de/Lebensmittel/Fruehstueck-Snacks/Nuss-Schokocreme/Alnatura-Bio-Erdnussmus-Crunchy-250G.html,https://www.edeka24.de/out/pictures/generated/product/1/540_540_90/bio_alnatura_erdnussmus_crunchy_250g.jpg
1322,Lebensmittel,Frühstück & Snacks,Nuss- & Schokocreme,Edeka Bio My Veggie Mandelmus weiss 250G,"7,49 €","29,96 €/kg","inkl. MwSt., zzgl. 4.95 € Versandkosten.",lieferbar innerhalb von 2-5 Werktagen,2023-05-03 00:06:10.342380,Weißes Mandelmus,,"Verantwortliches Lebensmittelunternehmen:
EDEKA ZENTRALE Stiftung & Co. KG, D-22291 Hamburg","Zutatenverzeichnis: Blanchierte MANDELN*. *aus kontrolliert ökologischer Landwirtschaft Das Produkt kann Spuren von MILCH, LUPINE, ERDNÜSSEN und anderen SCHALENFRÜCHTEN und SESAM enthalten.",2715,657,"58,2","5,5","5,1","4,9","24,2","0,008",https://www.edeka24.de/Lebensmittel/Fruehstueck-Snacks/Nuss-Schokocreme/Edeka-Bio-My-Veggie-Mandelmus-weiss-250G.html,https://www.edeka24.de/out/pictures/generated/product/1/540_540_90/edeka_biovegan_mandelmus_weiss_250g.jpg
1323,Lebensmittel,Frühstück & Snacks,Nuss- & Schokocreme,Alnatura Bio Mandelmus weiß 250G,"9,49 €","37,96 €/kg","inkl. MwSt., zzgl. 4.95 € Versandkosten.",lieferbar innerhalb von 2-5 Werktagen,2023-05-03 00:06:13.823392,-,Hinweis zur Aufbewahrung: Mindestens haltbar bis: siehe Deckel,"Verantwortliches Lebensmittelunternehmen:
Alnatura Produktions- und Handels GmbH, Mahatma-Gandhi-Str. 7, 64295 Darmstadt","Zutatenverzeichnis: MANDELN* geschält *aus biologischer Landwirtschaft . Kann Spuren von ERDNUSS, MILCH, HASELNUSS, WALNUSS, CASHEWNUSS, MACADAMIANUSS, SESAM und LUPINE enthalten.",2781,673,61,"4,8","5,2","4,6",22,"0,01",https://www.edeka24.de/Lebensmittel/Fruehstueck-Snacks/Nuss-Schokocreme/Alnatura-Bio-Mandelmus-weiss-250G.html,https://www.edeka24.de/out/pictures/generated/product/1/540_540_90/alnaturamandelmusweis.jpg
1324,Lebensmittel,Frühstück & Snacks,Nuss- & Schokocreme,Alnatura Bio Kokos-Mandel-Creme 250G,"5,49 €","21,96 €/kg","inkl. MwSt., zzgl. 4.95 € Versandkosten.",lieferbar innerhalb von 2-5 Werktagen,2023-05-03 00:06:16.964049,-,Hinweis zur Aufbewahrung: Mindestens haltbar bis: siehe Deckel,"Verantwortliches Lebensmittelunternehmen:
Alnatura Produktions- und Handels GmbH, Mahatma-Gandhi-Str. 7, 64295 Darmstadt","Zutatenverzeichnis: Kokosraspel* 38 %, Palmfett*, Reisdrinkpulver*, MANDELN* 15 %, Rohrohrzucker*, Bourbonvanilleschote* gemahlen, Meersalz *aus biologischer Landwirtschaft . Kann Spuren von ERDNUSS, MILCH, HASELNUSS, WALNUSS, CASHEWNUSS, MACADAMIANUSS, SESAM und LUPINE enthalten.",2640,637,53,34,31,17,"6,3","0,11",https://www.edeka24.de/Lebensmittel/Fruehstueck-Snacks/Nuss-Schokocreme/Alnatura-Bio-Kokos-Mandel-Creme-250G.html,https://www.edeka24.de/out/pictures/generated/product/1/540_540_90/alnaturakokos-mandel-creme.jpg
1325,Lebensmittel,Frühstück & Snacks,Nuss- & Schokocreme,Alnatura Bio Schoko-Nuss 250G,"3,99 €","15,96 €/kg","inkl. MwSt., zzgl. 4.95 € Versandkosten.",lieferbar innerhalb von 2-5 Werktagen,2023-05-03 00:06:20.843479,Bio Haselnuss-Kakao-Creme,Hinweis zur Aufbewahrung: Mindestens haltbar bis: siehe Deckel,"Verantwortliches Lebensmittelunternehmen:
Alnatura GmbH, Mahatma-Gandhi-Straße 7, 64295 Darmstadt","Zutatenverzeichnis: HASELNÜSSE* 45%, Rohrohrzucker*, Palmfett*, MAGERMILCHPULVER* 10%, stark entöltes Kakaopulver* 4%, Bourbonvanilleschote* gemahlen *aus biologischer Landwirtschaft . Kann Spuren von ERDNUSS, MANDEL, WALNUSS, CASHEWNUSS, MACADAMIANUSS, SESAM und LUPINE enthalten.",2453,591,43,"9,1",37,36,11,"0,15",https://www.edeka24.de/Lebensmittel/Fruehstueck-Snacks/Nuss-Schokocreme/Alnatura-Bio-Schoko-Nuss-250G.html,https://www.edeka24.de/out/pictures/generated/product/1/540_540_90/bio_alnatura_schokonusscreme_250g.jpg
1326,Lebensmittel,Frühstück & Snacks,Nuss- & Schokocreme,EDEKA Genussmomente Bio Premium Haselnuss-Creme 200G,"3,79 €","18,95 €/kg","inkl. MwSt., zzgl. 4.95 € Versandkosten.",lieferbar innerhalb von 2-5 Werktagen,2023-05-03 00:06:24.692880,Bio-Nuss-Nougat-Creme mit 30% Haselnüssen (Nocciola del Piemonte IGP),,"Verantwortliches Lebensmittelunternehmen:
EDEKA ZENTRALE Stiftung & Co. KG, D-22291 Hamburg","Zutatenverzeichnis: 30% Nocciola del Piemonte IGP* (HASELNÜSSE*), Rohrzucker*, Sonnenblumenöl*, 17% Schokolade* (Rohrzucker*, stark entöltes Kakaopulver*, Kakaobutter*), getrockneter Reissirup*, MAGERMILCHPULVER*, Emulgator: Lecithine* (enthält SOJA). *aus kontrolliert ökologischer Landwirtschaft Das Produkt kann Spuren von LUPINEN und anderen SCHALENFRÜCHTEN enthalten.",2429,585,"42,1",6,"42,3","37,5","6,8","0,06",https://www.edeka24.de/Lebensmittel/Fruehstueck-Snacks/Nuss-Schokocreme/EDEKA-Genussmomente-Bio-Premium-Haselnuss-Creme-200G.html,https://www.edeka24.de/out/pictures/generated/product/1/540_540_90/edeka_selection_bio_premium_haselnusscreme_200g.jpg
1327,Lebensmittel,Frühstück & Snacks,Nuss- & Schokocreme,Alnatura Bio Cashewmus 250G,"7,49 €","29,96 €/kg","inkl. MwSt., zzgl. 4.95 € Versandkosten.",lieferbar innerhalb von 2-5 Werktagen,2023-05-03 00:06:28.183786,Bio Cashewmus,Hinweis zur Aufbewahrung: Mindestens haltbar bis: siehe Deckel,"Verantwortliches Lebensmittelunternehmen:
Alnatura GmbH, Darmstädter Str. 63, 64404 Bickenbach","Zutatenverzeichnis: CASHEWNÜSSE* *aus biologischer Landwirtschaft . Kann Spuren von ERDNUSS, MILCH, MANDEL, HASELNUSS, WALNUSS, MACADAMIANUSS, SESAM und LUPINE enthalten.",2599,627,51,11,19,"5,6",20,"0,02",https://www.edeka24.de/Lebensmittel/Fruehstueck-Snacks/Nuss-Schokocreme/Alnatura-Bio-Cashewmus-250G.html,https://www.edeka24.de/out/pictures/generated/product/1/540_540_90/bio_alnatura_cashewmus_250g.jpg
1328,Lebensmittel,Frühstück & Snacks,Nuss- & Schokocreme,Alnatura Bio Zartbitter Kakao-Creme 350G,"3,79 €","10,83 €/kg","inkl. MwSt., zzgl. 4.95 € Versandkosten.",lieferbar innerhalb von 2-5 Werktagen,2023-05-03 00:06:32.903025,-,Hinweis zur Aufbewahrung: Ungeöffnet mindestens haltbar bis: siehe Aufdruck,"Verantwortliches Lebensmittelunternehmen:
Alnatura GmbH, Mahatma-Gandhi-Straße 7, 64295 Darmstadt","Zutatenverzeichnis: Rohrohrzucker*, Sonnenblumenöl*, stark entöltes Kakaopulver* 30%, Emulgator: Lecithin*, Bourbonvanilleschote* gemahlen *aus biologischer Landwirtschaft . Kann Spuren von SOJA, MILCH, MANDEL, NÜSSEN und LUPINE enthalten.",2273,547,38,"5,9",39,35,"7,6","0,02",https://www.edeka24.de/Lebensmittel/Fruehstueck-Snacks/Nuss-Schokocreme/Alnatura-Bio-Zartbitter-Kakao-Creme-350G.html,https://www.edeka24.de/out/pictures/generated/product/1/540_540_90/alnatura_bio_zartbitter_kakaocreme_350_g.jpg
1329,Lebensmittel,Frühstück & Snacks,Nuss- & Schokocreme,Alnatura Bio Kokosmus 225G,"4,29 €","19,07 €/kg","inkl. MwSt., zzgl. 4.95 € Versandkosten.",lieferbar innerhalb von 2-5 Werktagen,2023-05-03 00:06:37.354301,-,Hinweis zur Aufbewahrung: Mindestens haltbar bis siehe Glas.,"Verantwortliches Lebensmittelunternehmen:
Alnatura Produktions- und Handels GmbH, Mahatma-Gandhi-Str. 7, 64295 Darmstadt",Zutatenverzeichnis: Kokos* *aus biologischer Landwirtschaft.,2969,720,71,67,"8,9",4,8,"0,03",https://www.edeka24.de/Lebensmittel/Fruehstueck-Snacks/Nuss-Schokocreme/Alnatura-Bio-Kokosmus-225G.html,https://www.edeka24.de/out/pictures/generated/product/1/540_540_90/alnaturakokosmus.jpg
1330,Lebensmittel,Frühstück & Snacks,Nuss- & Schokocreme,Alnatura Bio Mandelmus braun 250G,"6,99 €","27,96 €/kg","inkl. MwSt., zzgl. 4.95 € Versandkosten.",lieferbar innerhalb von 2-5 Werktagen,2023-05-03 00:06:41.109202,Bio Mandelmus braun,Hinweis zur Aufbewahrung: Mindestens haltbar bis: siehe Deckel,"Verantwortliches Lebensmittelunternehmen:
Alnatura GmbH, Darmstädter Str. 63, 64404 Bickenbach",Zutatenverzeichnis: MANDELN* ungeschält *aus biologischer Landwirtschaft. Kann Spuren von NÜSSEN enthalten.,2559,619,53,4,"7,5","4,9",22,"0,01",https://www.edeka24.de/Lebensmittel/Fruehstueck-Snacks/Nuss-Schokocreme/Alnatura-Bio-Mandelmus-braun-250G.html,https://www.edeka24.de/out/pictures/generated/product/1/540_540_90/alnamanmus.jpg
1331,Lebensmittel,Frühstück & Snacks,Nuss- & Schokocreme,Rigoni di Asiago Bio Nocciolata Nuss-Nougat-Aufstrich 270G,"5,79 €","21,44 €/kg","inkl. MwSt., zzgl. 4.95 € Versandkosten.",lieferbar innerhalb von 2-5 Werktagen,2023-05-03 00:06:45.679879,Bio-Nuss-Nougat-Aufstrich,Hinweis zur Aufbewahrung: Nach dem Öffnen im Kühlschrank aufbewahren,"Verantwortliches Lebensmittelunternehmen:
Rigoni di Asiago S.R.L., Via Oberdan 28, 36012 Asiago, Vicenza, Italien","Zutatenverzeichnis: Rohrzucker*, HASELNÜSSE*, Sonnenblumenöl*, MAGERMILCHPULVER*, Kakao*, Kakaobutter*, Sonnenblumen Lecithin, Vanille-Extrakt* *aus kontrolliert biologischem Anbau",2270,544,32,"5,7",54,51,"8,1","0,12",https://www.edeka24.de/Lebensmittel/Fruehstueck-Snacks/Nuss-Schokocreme/Rigoni-di-Asiago-Bio-Nocciolata-Nuss-Nougat-Aufstrich-270G.html,https://www.edeka24.de/out/pictures/generated/product/1/540_540_90/rigoni_di_asiago_bio_nocciolata_nussnougataufstrich_270g.jpg
1332,Lebensmittel,Frühstück & Snacks,Nuss- & Schokocreme,Alnatura Bio Haselnussmus 250G,"7,49 €","29,96 €/kg","inkl. MwSt., zzgl. 4.95 € Versandkosten.",lieferbar innerhalb von 2-5 Werktagen,2023-05-03 00:06:49.159083,-,,"Verantwortliches Lebensmittelunternehmen:
Alnatura GmbH, Mahatma-Gandhi-Straße 7, 64295 Darmstadt","Zutatenverzeichnis: HASELNÜSSE* geröstet. Kann Spuren von ERDNUSS, MILCH, MANDEL, WALNUSS, CASHEWNUSS; MACADAMIANUSS, SESAM und LUPINE enthalten. *aus biologischer Landwirtschaft",2942,714,69,"5,7","3,2","3,2",15,"0,01",https://www.edeka24.de/Lebensmittel/Fruehstueck-Snacks/Nuss-Schokocreme/Alnatura-Bio-Haselnussmus-250G.html,https://www.edeka24.de/out/pictures/generated/product/1/540_540_90/bio_alnatura_haselnussmus_250g.jpg
1333,Lebensmittel,Frühstück & Snacks,Nuss- & Schokocreme,Brinkers Bio La Vida Nuss-Nougatcreme vegan 270G,"4,99 €","18,48 €/kg","inkl. MwSt., zzgl. 4.95 € Versandkosten.",lieferbar innerhalb von 2-5 Werktagen,2023-05-03 00:06:52.712034,"Biologische Nuss-Nougat-Creme, vegan und glutenfrei","Hinweis zur Aufbewahrung: Kühl und trocken lagern, vorzugsweise bei +18°C bis +20°C. Vor direktem Sonnenlicht schützen. Nicht im Kühlschrank aufbewahren.","Verantwortliches Lebensmittelunternehmen:
Brinkers Food B.V., Postfach 765, 7500 AT Enschede, Niederlande","Zutatenverzeichnis: Rohrzucker*, Sonnenblumenöl*, HASELNÜSSE* 15%, stark entöltes Kakaopulver* 7,5%, Kakaobutter*, getrockneter Reissirup*, Emulgator: Sonnenblumenlecithine*, Bourbon-Vanillepulver*. Kann Spuren von anderen SCHALENFRÜCHTEN (MANDEL, CASHEW, MACADAMIA), SOJA, MILCH und LUPINEN enthalten. * = aus ökologischer Landwirtschaft.",2392,571,38,"5,4",52,48,"4,2","0,02",https://www.edeka24.de/Lebensmittel/Fruehstueck-Snacks/Nuss-Schokocreme/Brinkers-Bio-La-Vida-Nuss-Nougatcreme-vegan-270G.html,https://www.edeka24.de/out/pictures/generated/product/1/540_540_90/bio_brinkers_nussnougatcreme_vegan_270g.jpg
1334,Lebensmittel,Frühstück & Snacks,Nuss- & Schokocreme,Mövenpick Haselnuss Creme Nuss-Nougat 300G,"4,79 €","15,97 €/kg","inkl. MwSt., zzgl. 4.95 € Versandkosten.",lieferbar innerhalb von 2-5 Werktagen,2023-05-03 00:06:58.051403,Nuss-Nougat-Creme,Hinweis zur Aufbewahrung: Vor Wärme geschützt und trocken lagern.,"Verantwortliches Lebensmittelunternehmen:
Schwartauer Werke, 23608 Bad Schwartau","Zutatenverzeichnis: Zucker, geröstete HASELNÜSSE 20%, Sonnenblumenöl, fettarmes Kakaopulver 7%, MAGERMILCHPULVER, SÜSSMOLKENPULVER, LAKTOSE, Kakaobutter, Emulgator: Lecithine. Kann andere SCHALENFRÜCHTE und SOJA enthalten.",2185,523,29,5,"56,5","55,5",7,"0,15",https://www.edeka24.de/Lebensmittel/Fruehstueck-Snacks/Nuss-Schokocreme/Moevenpick-Haselnuss-Creme-Nuss-Nougat-300G.html,https://www.edeka24.de/out/pictures/generated/product/1/540_540_90/mvenpick_haselnuss_creme_nussnougat_300_g.jpg
1335,Lebensmittel,Frühstück & Snacks,Nuss- & Schokocreme,Rigoni di Asiago Bio Nocciolata Crunchy 270G,"5,79 €","21,44 €/kg","inkl. MwSt., zzgl. 4.95 € Versandkosten.",lieferbar innerhalb von 2-5 Werktagen,2023-05-03 00:07:02.172227,Bio Haselnuss-Nougat-Creme mit gerösteten und gehackten Haselnüssen.,Hinweis zur Aufbewahrung: Bei Raumtemperatur lagern.,"Verantwortliches Lebensmittelunternehmen:
Rigoni di Asiago S.r.L., Via Oberdan, 28 - 36012 Asiago (VI) Italien","Zutatenverzeichnis: Rohrzucker*, HASELNÜSSE* 18%, Sonnenblumenöl*, MAGERMILCHPULVER*, fettarmes Kakaopulver* 6,3%, geröstete und gehackte HASELNÜSSE* 4%, Kakaobutter*, Emulgator: SOJALECITHIN*; Vanille-Extrakt*. *Aus ökologischer Landwirtschaft. Kann andere SCHALENFRUCHTE (MANDELN, WALNÜSSE, PISTAZIEN) enthalten.",2266,543,33,"5,8",51,48,"8,7","0,12",https://www.edeka24.de/Lebensmittel/Fruehstueck-Snacks/Nuss-Schokocreme/Rigoni-di-Asiago-Bio-Nocciolata-Crunchy-270G.html,https://www.edeka24.de/out/pictures/generated/product/1/540_540_90/rigoniasiago.jpg
1336,Lebensmittel,Frühstück & Snacks,Käse & -cremes,Hochland Käse-Ecken 8ST 200G,"2,89 €","14,45 €/kg","inkl. MwSt., zzgl. 4.95 € Versandkosten.",lieferbar innerhalb von 2-5 Werktagen,2023-05-03 00:07:05.797533,Schmelzkäsezubereitung,Hinweis zur Aufbewahrung: Mindestens haltbar bis:,"Verantwortliches Lebensmittelunternehmen:
Hochand, D-88178 Heimenkirch","Zutatenverzeichnis: Sahne: 36% KÄSE, SÜßMOLKE, BUTTER, SÜßMOLKENPULVER, Schmelzsalze (E452, E450, E331), MAGERMILCHPULVER, Säuerungsmittel Citronensäure, Speisesalz. Kräuter: 36% KÄSE, SÜßMOLKE, BUTTER, SÜßMOLKENPULVER, Schmelzsalze (E452, E450, E331), MAGERMILCHPULVER, Gewürze, Speisesalz, Kräuter, Säuerungsmittel Citronensäure, modifizierte Stärke. Paprika: 36% KÄSE, SÜßMOLKE, BUTTER, SÜßMOLKENPULVER, 3% Paprika, Schmelzsalze (E452, E450, E331), MAGERMILCHPULVER, 1% Gurke, Branntweinessig, Maltodextrin, modifizierte Stärke, Speisesalz, Säuerungsmittel Citronensäure, Milchsäure. Schinken: 36% KÄSE, SÜßMOLKE, BUTTER, SÜßMOLKENPULVER, 3,6% Kochschinken (Schweinefleisch, Wasser, Speisesalz, Dextrose, Antioxidationsmittel Natriumascorbat, Stabilisator Natriumcitrate, Verdickungsmittel Carrageen, Konservierungsstoff Natriumnitrit), Schmelzsalze (E452, E450, E331), MAGERMILCHPULVER, modifizierte Stärke, Speisesalz, Maltodextrin, Würze, natürliches Aroma, Säuerungsmittel Citronensäure, Milchsäure.",1207,291,25,17,"6,7","6,7","9,6","3,1",https://www.edeka24.de/Lebensmittel/Fruehstueck-Snacks/Kaese-cremes/Hochland-Kaese-Ecken-8ST-200G.html,https://www.edeka24.de/out/pictures/generated/product/1/540_540_90/hochland_kse-ecken.jpg
1337,Lebensmittel,Frühstück & Snacks,Käse & -cremes,Hochland Toastscheiben cremig mild 200G,"2,79 €","13,95 €/kg","inkl. MwSt., zzgl. 4.95 € Versandkosten.",lieferbar innerhalb von 2-5 Werktagen,2023-05-03 00:07:09.453187,Schmelzkäse,Hinweis zur Aufbewahrung: Mindestens haltbar bis,"Verantwortliches Lebensmittelunternehmen:
Hochland D-88178 Heimenkirch / Allgäu, Hochland D-88178 Heimenkirch / Allgäu","Zutatenverzeichnis: Zutaten: KÄSE (48%), entrahmte Milch, MAGERMILCHPULVER, BUTTER, Schmelzsalze (E452, E339, E331), Speisesalz, Farbstoff: Paprika-Extrakt",241,1003,17,"11,3",6,6,16,"3,5",https://www.edeka24.de/Lebensmittel/Fruehstueck-Snacks/Kaese-cremes/Hochland-Toastscheiben-cremig-mild-200G.html,https://www.edeka24.de/out/pictures/generated/product/1/540_540_90/hochlskscheibtoast_200g.jpg
1338,Lebensmittel,Frühstück & Snacks,Käse & -cremes,Milkana Frischeschale Kräuter 190G,"2,99 €","15,74 €/kg","inkl. MwSt., zzgl. 4.95 € Versandkosten.",lieferbar innerhalb von 2-5 Werktagen,2023-05-03 00:07:13.016481,-,,"Verantwortliches Lebensmittelunternehmen:
Edelweiss GmbH & Co. KG, D-87435 Kempten/Allgäu","Zutatenverzeichnis: SAHNE, KÄSE (29%), BUTTER, SÜSSMOLKENPULVER, Schmelzsalze (E 339, E 451), Speisesalz, Kräuter.",1237,299,26,17,"7,8","7,8","8,4","2,0",https://www.edeka24.de/Lebensmittel/Fruehstueck-Snacks/Kaese-cremes/Milkana-Frischeschale-Kraeuter-190G.html,https://www.edeka24.de/out/pictures/generated/product/1/540_540_90/milkakru.jpg
1339,Lebensmittel,Frühstück & Snacks,Käse & -cremes,Milkana Käse Platte 190G,"2,99 €","15,74 €/kg","inkl. MwSt., zzgl. 4.95 € Versandkosten.",lieferbar innerhalb von 2-5 Werktagen,2023-05-03 00:07:16.869114,Schmelzkäsezubereitung,,"Verantwortliches Lebensmittelunternehmen:
Edelweiss GmbH & Co. KG, 87435 Kempten/Allgäu","Zutatenverzeichnis: 2XSAHNE. Zutaten: 45% KÄSE, 41% SAHNE, SÜßMOLKENPULVER, BUTTER, Schmelzsalze (E 339, E451), Speisesalz.2XWÜRZIG. Zutaten: 60% KÄSE, Wasser, SAHNE, SÜßMOLKENPULVER, Schmelzsalze (E 339, E 451, E452), MILCHEIWEIß, Speisesalz.2XGOUDA. Zutaten: 39% KÄSE, SAHNE, 9% GOUDA (KUHMILCH, Speisesalz, Käsereikulturen, Lab, Farbstoff (Carotin)), SÜßMOLKENPULVER, BUTTER, Schmelzsalze (E 339, E 451, E452), Speisesalz, Fabstoff (Carotin).2XEMMENTALER. Zutaten: 31% KÄSE, Wasser, 15% EMMENTALER, SAHNE, BUTTER, SÜßMOLKENPULVER, Schmelzsalze (E 339, E 451, E452), Speisesalz, Farbstoff (Carotin).",883,212,15,"9,9","6,3","6,3",13,2,https://www.edeka24.de/Lebensmittel/Fruehstueck-Snacks/Kaese-cremes/Milkana-Kaese-Platte-190G.html,https://www.edeka24.de/out/pictures/generated/product/1/540_540_90/milkana_kse_platte_190g.jpg
1340,Lebensmittel,Frühstück & Snacks,Käse & -cremes,Milkana Käse Brotzeit 190G,"2,99 €","15,74 €/kg","inkl. MwSt., zzgl. 4.95 € Versandkosten.",lieferbar innerhalb von 2-5 Werktagen,2023-05-03 00:07:20.961456,Schmelzkäsezubereitung,,"Verantwortliches Lebensmittelunternehmen:
Edelweiss GmbH & Co. KG, 87435 Kempten/Allgäu","Zutatenverzeichnis: 2XWÜRZIG. Zutaten: 60% KÄSE, Wasser, SAHNE, SÜßMOLKENPULVER, Schmelzsalze (E 339, E 451, E 452), Milcheiweiß, Speisesalz.2X SALAMI. Zutaten: 56% KÄSE, SAHNE, SÜßMOLKENPULVER, 3% Salami (Schweinefleisch, Rindfleisch, Speisesalz, Dextrose, Gewürze, Würze, Gewürzextrakte, Maltodextrin, Antioxidationsmittel (Natriumascorbat), Konservierungsstoff (Natriumnitrit), Aroma, Rauch), BUTTER, Schmelzsalze (E 339, E 451), Speisesalz.2XPFEFFER.Zutaten: 56% KÄSE, SAHNE, Wasser, Butter, SÜßMOLKENPULVER, Schmelzsalze (E 339, E 451), Pfeffer, Speisesalz, Gewürz, Gewürzextrakt.2XCHILI. Zutaten: 57% KÄSE, SAHNE, SÜßMOLKENPULVER, Paprika, BUTTER, Schmelzsalze (E 339, E 451), Tomaten, Chili,Speisesalz, natürliche Aromen.",781,187,12,"7,8","5,8","5,8",14,2,https://www.edeka24.de/Lebensmittel/Fruehstueck-Snacks/Kaese-cremes/Milkana-Kaese-Brotzeit-190G.html,https://www.edeka24.de/out/pictures/generated/product/1/540_540_90/milkana_kamp228se_brotzeit_190g.jpg
1341,Lebensmittel,Frühstück & Snacks,Käse & -cremes,Milkana Der Sahnige laktosefrei 150G,"2,99 €","19,93 €/kg","inkl. MwSt., zzgl. 4.95 € Versandkosten.",lieferbar innerhalb von 2-5 Werktagen,2023-05-03 00:07:24.804604,"Schmelzkäsezubereitung, 50% Fett i.Tr.",Hinweis zur Aufbewahrung: Nach dem Öffnen kühl aufbewahren.,"Verantwortliches Lebensmittelunternehmen:
Edelweiss GmbH & Co. KG, D-87435 Kempten/Allgäu","Zutatenverzeichnis: Wasser, Käse (36%), Butter, Zucker, Schmelzsalze (E339, E451), Milcheiweiß, Speisesalz.",1121,271,24,16,"2,5","2,5",11,2,https://www.edeka24.de/Lebensmittel/Fruehstueck-Snacks/Kaese-cremes/Milkana-Der-Sahnige-laktosefrei-150G.html,https://www.edeka24.de/out/pictures/generated/product/1/540_540_90/milkasahnlak.jpg
1342,Lebensmittel,Frühstück & Snacks,Käse & -cremes,Woerle XXL Burger Scheiben 200G,"2,69 €","13,45 €/kg","inkl. MwSt., zzgl. 4.95 € Versandkosten.",lieferbar innerhalb von 2-5 Werktagen,2023-05-03 00:07:29.339465,Schmelzkäsezubereitung 35% fett i.Tr.,Hinweis zur Aufbewahrung: Trocken lagern.,"Verantwortliches Lebensmittelunternehmen:
Gebrüder Woerle ges.m.b.H., Enzing 26 5302 Henndorf / AUSTRIA","Zutatenverzeichnis: 50 % KÄSE, Wasser, MAGERMILCHPULVER, BUTTER, MILCHEIWEISS, Schmelzsalze (E331, E339, E452), SÜSSMOLKENPULVER, Speiesalz, Säuerungsmittel: Zitronensäure; Farbstoff: Paprikaextrakt.",1040,250,18,"13,1",5,5,17,"2,25",https://www.edeka24.de/Lebensmittel/Fruehstueck-Snacks/Kaese-cremes/Woerle-XXL-Burger-Scheiben-200G.html,https://www.edeka24.de/out/pictures/generated/product/1/540_540_90/wrlebrgerkse.jpg
1343,Lebensmittel,Frühstück & Snacks,Käse & -cremes,Patros Fetakäse in Öl 300G,"3,99 €","13,30 €/kg","inkl. MwSt., zzgl. 4.95 € Versandkosten.",lieferbar innerhalb von 2-5 Werktagen,2023-05-03 00:07:32.713167,Deutscher Käse aus pasteurisierter Kuhmilch in reinem Rapsöl.,Hinweis zur Aufbewahrung: Nach dem Öffnen bei max. 10°C lagern.,"Verantwortliches Lebensmittelunternehmen:
Patros, Kemptener Straße 17, 88178 Heimenkirch","Zutatenverzeichnis: 50% KÄSE in Salzlake gereift (45% Fett i. Tr.), Rapsöl, Paprika, Pfeffer, Kräuter, Knoblauch.",2412,585,60,12,"0,8","0,8","9,6","1,5",https://www.edeka24.de/Lebensmittel/Fruehstueck-Snacks/Kaese-cremes/Patros-Fetakaese-in-Oel-300G.html,https://www.edeka24.de/out/pictures/generated/product/1/540_540_90/patrosinl.jpg
1344,Lebensmittel,Frühstück & Snacks,Käse & -cremes,Milkana Frischeschale Salami 57% Rahmstufe 190G,"2,99 €","15,74 €/kg","inkl. MwSt., zzgl. 4.95 € Versandkosten.",lieferbar innerhalb von 2-5 Werktagen,2023-05-03 00:07:36.317661,-,,"Verantwortliches Lebensmittelunternehmen:
Edelweiss GmbH & Co. KG, D-87435 Kempten/Allgäu","Zutatenverzeichnis: SAHNE, KÄSE (32%), BUTTER, SÜßMOLKENPULVER, 3% Salami (Schweinefleisch, Rindfleisch, Speck, Speisesalz, Gewürze, Traubenzucker, Würze, Antioxidationsmittel Natriumascorbat, Stabilisator E450, Aroma, Gewürzextrakte, Konservierungsstoff Natriumnitrit, Rauch), Schmelzsalze (E 339, E 451), Speisesalz, Gewürze.",1219,294,26,17,"5,8","5,8","9,3","2,1",https://www.edeka24.de/Lebensmittel/Fruehstueck-Snacks/Kaese-cremes/Milkana-Frischeschale-Salami-57-Rahmstufe-190G.html,https://www.edeka24.de/out/pictures/generated/product/1/540_540_90/milkana_frischeschale_salami_57_rahmstufe_190g.jpg
1345,Lebensmittel,Frühstück & Snacks,Käse & -cremes,Milkana Schmelzkäse mit Cheddar 48% Fett 190G,"2,99 €","15,74 €/kg","inkl. MwSt., zzgl. 4.95 € Versandkosten.",lieferbar innerhalb von 2-5 Werktagen,2023-05-03 00:07:39.681039,"Schmelzkäsezubereitung, Vollfettstufe",Hinweis zur Aufbewahrung: Nach dem Öffnen kühl aufbewahren.,"Verantwortliches Lebensmittelunternehmen:
Edelweiß GmbHJ & Co. KG, 87435 Kempten/Allgäu","Zutatenverzeichnis: CHEDDAR (30%), SAHNE, KÄSE (15%), SÜßMOLKENPULVER, BUTTER, Schmelzsalze (E339, E 451), Speisesalz, Farbstoff: Carotin.",1001,241,19,13,"5,5","5,5",12,"2,3",https://www.edeka24.de/Lebensmittel/Fruehstueck-Snacks/Kaese-cremes/Milkana-Schmelzkaese-mit-Cheddar-48-Fett-190G.html,https://www.edeka24.de/out/pictures/generated/product/1/540_540_90/milkana_cheddar_48_vollfettstufe_190g.jpg
1346,Lebensmittel,Frühstück & Snacks,Käse & -cremes,Adler Edelcreme Salami 100G,"2,29 €","22,90 €/kg","inkl. MwSt., zzgl. 4.95 € Versandkosten.",lieferbar innerhalb von 2-5 Werktagen,2023-05-03 00:07:42.704176,Schmelzkäsezubereitung mit 7% Salami mit Putenfleisch,,"Verantwortliches Lebensmittelunternehmen:
Bel S.A., BP 114, 92151 Suresnes Cedex (Frankreich)","Zutatenverzeichnis: SAHNE, rehydrierte entrahmte MILCH (MAGERMILCHPULVER,Trinkwasser), KÄSE (24%), 7% Salami* (Rindfleisch, Putenfleisch, Rinderfett, Speisesalz, Gewürze, Dextrose, Glukosesirup, Antioxidationsmittel: Natrium-L-Ascorbat, Konservierungsstoffe (Natriumnitrit, Kaliumsorbat) Reifungskulturen, Rauch), MILCHEIWEIß, Schmelzsalz: E452. Kann Spuren von SENF enthalten. * 100 g Salami werden hergestellt aus 85g Rindfleisch und 30g Putenfleisch.",1145,277,"24,5","16,5","2,5","2,5","11,5","2,2",https://www.edeka24.de/Lebensmittel/Fruehstueck-Snacks/Kaese-cremes/Adler-Edelcreme-Salami-100G.html,https://www.edeka24.de/out/pictures/generated/product/1/540_540_90/adler_edelcreme_salami_100g.jpg
1347,Lebensmittel,Frühstück & Snacks,Käse & -cremes,Milkana Käse Vielfalt 8ST 190G,"2,99 €","15,74 €/kg","inkl. MwSt., zzgl. 4.95 € Versandkosten.",lieferbar innerhalb von 2-5 Werktagen,2023-05-03 00:07:45.935201,Schmelzkäsezubereitung,,"Verantwortliches Lebensmittelunternehmen:
Edelweiss GmbH & Co. KG, 87435 Kempten/Allgäu","Zutatenverzeichnis: 2XSahne. Zutaten: 45% KÄSE, 41% SAHNE, SÜßMOLKENPULVER, BUTTER, Schmelzsalze (E339, E451), Speisesalz.2XKräuter. Zutaten: 44% KÄSE, SAHNE, BUTTER, SÜßMOLKENPULVER, Schmelzsalze (E339, E451), Kräuter, Speisesalz.2XPikante. Zutaten: 60% KÄSE, Wasser, SAHNE, SÜßMOLKENPULVER, Schmelzsalze (E339, E451, E452), MILCHEIWEIß, Speisesalz.2XSalami. Zutaten: 56 % KÄSE, SAHNE, SÜßMOLKENPULVER, 3% Salami (Schweinefleisch, Rindfleisch, Speisesalz, Dextrose, Gewürze, Würze, Gewürzextrakte, Maltodextrin, Antioxidationsmittel (Natriumascorbat), Konservierungsmittel (Natriumnitrit), Aroma, Rauch), BUTTER, Schmelzsalze (E339, E451), Speisesalz.",903,217,16,11,"6,3","6,3",12,"1,9",https://www.edeka24.de/Lebensmittel/Fruehstueck-Snacks/Kaese-cremes/Milkana-Kaese-Vielfalt-8ST-190G.html,https://www.edeka24.de/out/pictures/generated/product/1/540_540_90/milkana_kamp228se_vielfalt_8x2375g.jpg
1348,Lebensmittel,Frühstück & Snacks,Käse & -cremes,Milkana Frischeschale Cremig Leicht 190G,"2,79 €","14,68 €/kg","inkl. MwSt., zzgl. 4.95 € Versandkosten.",lieferbar innerhalb von 2-5 Werktagen,2023-05-03 00:07:49.262036,"Schmelzkäsezubereitung, Halbfettstufe",Hinweis zur Aufbewahrung: Nach dem Öffnen kühl aufbewahren,"Verantwortliches Lebensmittelunternehmen:
Edelweiss GmbH & Co. KG, D-87435 Kempten/Allgäu","Zutatenverzeichnis: KÄSE (66%), SAHNE, Wasser, SÜßMOLKENPULVER, Schmelzsalze (E331, E 339, E 451, E 452), Speisesalz.",673,161,"9,0","6,0","5,0","5,0",15,"1,9",https://www.edeka24.de/Lebensmittel/Fruehstueck-Snacks/Kaese-cremes/Milkana-Frischeschale-Cremig-Leicht-190G.html,https://www.edeka24.de/out/pictures/generated/product/1/540_540_90/milkacremlei.jpg
1349,Lebensmittel,Frühstück & Snacks,Käse & -cremes,Strähl Käse Fondue Classic 400G,"5,29 €","13,23 €/kg","inkl. MwSt., zzgl. 4.95 € Versandkosten.",lieferbar innerhalb von 2-5 Werktagen,2023-05-03 00:07:52.397459,-,Hinweis zur Aufbewahrung: Vor Wärme schützen,"Verantwortliches Lebensmittelunternehmen:
Strähl Käse AG, Maggistrasse 5, 78224 Singen","Zutatenverzeichnis: SCHWEIZER KÄSE (53%), Weisswein, Wasser, Kartoffelstärke, Kirschwasser, Schmelzsalze (Natriumphosphat, Polyphosphat), Speisesalz, natürliche Aromaextrakte.",986,237,16,10,3,"0,5",15,"1,2",https://www.edeka24.de/Lebensmittel/Fruehstueck-Snacks/Kaese-cremes/Straehl-Kaese-Fondue-Classic-400G.html,https://www.edeka24.de/out/pictures/generated/product/1/540_540_90/strhl_kse_fondue_classic.jpg
1350,Lebensmittel,Frühstück & Snacks,Streichcreme-Aufstrich,Rama Original 60% Fett 400G,"2,29 €","5,73 €/kg","inkl. MwSt., zzgl. 4.95 € Versandkosten.",lieferbar innerhalb von 2-5 Werktagen,2023-05-03 00:07:55.824063,Dreiviertelfettmargarine 60%,Hinweis zur Aufbewahrung: Beste Lagerung zwischen +2°C und +15°C,"Verantwortliches Lebensmittelunternehmen:
Upfield Deutschland GmbH, Postfach 10 25 27, 20017 Hamburg","Zutatenverzeichnis: Pflanzliche Öle und Fette (Raps, Palm, Sonnenblumen in veränderlichen Gewichtsanteilen), Trinkwasser, Speisesalz (0.5%), Emulgatoren (Lecithine, Mono- und Diglyceride von Speisefettsäuren), natürliche Aromen, Säuerungsmittel (Citronensäure), Vitamine (A, D, E), Farbstoff (Carotin).",2235,536,60,21,"0,5","0,5","0,5","0,5",https://www.edeka24.de/Lebensmittel/Fruehstueck-Snacks/Streichcreme-Aufstrich/Rama-Original-60-Fett-400G.html,https://www.edeka24.de/out/pictures/generated/product/1/540_540_90/rama_original_60_fett_400g.jpg
1351,Lebensmittel,Frühstück & Snacks,Streichcreme-Aufstrich,Edeka Bio+Vegan Brotaufstrich Tomate-Basilikum 180G,"1,49 €","8,28 €/kg","inkl. MwSt., zzgl. 4.95 € Versandkosten.",lieferbar innerhalb von 2-5 Werktagen,2023-05-03 00:08:00.145468,Pflanzlicher Brotaufstrich mit Tomate und Basilikum,Hinweis zur Aufbewahrung: Nach dem Öffnen im Kühlschrank aufbewahren und innerhalb weniger Tage verbrauchen.,"Verantwortliches Lebensmittelunternehmen:
EDEKA ZENTRALE Stiftung & Co. KG, D-22291 Hamburg","Zutatenverzeichnis: 38% Tomatenmark*, Sonnenblumenöl*, Sonnenblumenkerne*, 14% Tomatenstücke*, Zitronensaft aus Zitronensaftkonzentrat*, 3% Basilikum*, Rohrohrzucker* SOJASAUCE (Wasser, SOJABOHNEN*, Speisesalz, WEIZEN*), Knoblauchpüree*, Meersalz, Paprika*, Pfeffer*, Rosmarin*, Oregano*. *aus kontrolliert ökologischer Landwirtschaft",1361,330,"30,5","3,4","6,6","5,9","5,4","0,8",https://www.edeka24.de/Lebensmittel/Fruehstueck-Snacks/Streichcreme-Aufstrich/Edeka-Bio-Vegan-Brotaufstrich-Tomate-Basilikum-180G.html,https://www.edeka24.de/out/pictures/generated/product/1/540_540_90/ebiotom-bas.jpg
1352,Lebensmittel,Frühstück & Snacks,Streichcreme-Aufstrich,Alnatura Bio Veganes Zwiebelschmalz 150G,"2,19 €","14,60 €/kg","inkl. MwSt., zzgl. 4.95 € Versandkosten.",lieferbar innerhalb von 2-5 Werktagen,2023-05-03 00:08:03.722889,"Bio Zwiebelschmalz, vegan",Hinweis zur Aufbewahrung: Nach dem Öffnen bitte im Kühlschrank aufbewahren.,"Verantwortliches Lebensmittelunternehmen:
Alnatura GmbH, Mahatma-Gandhi-Straße 7, 64295 Darmstadt","Zutatenverzeichnis: Palmöl*, Zwiebeln*7,3 %, Äpfel*, Zwiebelpulver* 2,2 %, Meersalz, SOJASAUCE* (Wasser, SOJABOHNEN*, Salz), Gewürze* (SELLERIEKNOLLENPULVER*, Pfeffer*, Paprikapulver*), Tomaten* getrocknet, Kartoffelstärke* *aus biologischer Landwirtschaft . Kann Spuren von CASHEWNUSS enthalten.",3350,814,87,42,6,"1,9",1,"2,3",https://www.edeka24.de/Lebensmittel/Fruehstueck-Snacks/Streichcreme-Aufstrich/Alnatura-Bio-Veganes-Zwiebelschmalz-150G.html,https://www.edeka24.de/out/pictures/generated/product/1/540_540_90/alnatura_bio_zwiebelschmalz_brotaufstrich_165_g.jpg
1353,Lebensmittel,Frühstück & Snacks,Streichcreme-Aufstrich,Alnatura Bio Hummus Natur 180G,"2,19 €","12,17 €/kg","inkl. MwSt., zzgl. 4.95 € Versandkosten.",lieferbar innerhalb von 2-5 Werktagen,2023-05-03 00:08:07.389030,"Bio Brotaufstrich mit Kichererbsen, vegan",Hinweis zur Aufbewahrung: Nach dem Öffnen bitte im Kühlschrank aufbewahren und möglichst innerhalb von 7 Tagen verbrauchen.,"Verantwortliches Lebensmittelunternehmen:
Alnatura GmbH, Mahatma-Gandhi-Straße 7, 64295 Darmstadt","Zutatenverzeichnis: Kichererbsen* gekocht 37 %, Wasser, Sonnenblumenöl*, Zitronensaft* aus Zitronensaftkonzentrat*, TAHIN* (SESAMMUS*), Knoblauch*, Speisesalz, Agavendicksaft*, Paprika*, Pfeffer*, Kreuzkümmel*. Kann Spuren von ERDNUSS enthalten. *aus biologischer Landwirtschaft.",950,230,19,"1,8","7,9","2,5","4,9","1,2",https://www.edeka24.de/Lebensmittel/Fruehstueck-Snacks/Streichcreme-Aufstrich/Alnatura-Bio-Hummus-Natur-180G.html,https://www.edeka24.de/out/pictures/generated/product/1/540_540_90/bio_alnatura_hummus_natur_180g(1).jpg
1354,Lebensmittel,Frühstück & Snacks,Streichcreme-Aufstrich,Alnatura Bio Paprika-Cashew Aufstrich 125G,"1,59 €","12,72 €/kg","inkl. MwSt., zzgl. 4.95 € Versandkosten.",lieferbar innerhalb von 2-5 Werktagen,2023-05-03 00:08:10.569039,"Bio Brotaufstrich mit Paprika und Cashewnüssen, vegan",Hinweis zur Aufbewahrung: Nach dem Öffnen bitte im Kühlschrank aufbewahren und möglichst innerhalb einer Woche verbrauchen.,"Verantwortliches Lebensmittelunternehmen:
Alnatura GmbH, Mahatma-Gandhi-Straße 7, 64295 Darmstadt","Zutatenverzeichnis: Paprika* 27%, Kartoffeln*, Zwiebeln*, Wasser, CASHEWNÜSSE* 8%, Apfelsaftkonzentrat*,Sonnenblumenöl*, Meersalz, Paprikapulver*, Zwiebelpulver* *aus biologischer Landwirtschaft .",551,132,"7,5","1,1",12,7,"2,9",2,https://www.edeka24.de/Lebensmittel/Fruehstueck-Snacks/Streichcreme-Aufstrich/Alnatura-Bio-Paprika-Cashew-Aufstrich-125G.html,https://www.edeka24.de/out/pictures/generated/product/1/540_540_90/alnaturapaprika-cashewaufstrich.jpg
1355,Lebensmittel,Frühstück & Snacks,Streichcreme-Aufstrich,Alnatura Bio Streichcreme Toskana 180G,"1,89 €","10,50 €/kg","inkl. MwSt., zzgl. 4.95 € Versandkosten.",lieferbar innerhalb von 2-5 Werktagen,2023-05-03 00:08:14.549391,"Bio Brotaufstrich mit Paprika und Tomaten, vegan",Hinweis zur Aufbewahrung: Nach dem Öffnen bitte im Kühlschrank aufbewahren und innerhalb von 7 Tagen verbrauchen.,"Verantwortliches Lebensmittelunternehmen:
Alnatura GmbH, Mahatma-Ghandi-Str. 7, 64295 Darmstadt","Zutatenverzeichnis: Wasser, Sonnenblumenkerne* 22%, Sonnenblumenöl*, rote Paprika* 11%, Apfelsaftkonzentrat*, Tomatenmark* zweifach konzentriert 3%, Zucchini* 2%, Aubergine* 2%, Zitronensaftkonzentrat*, Speisesalz, Kartoffelstärke*, Knoblauch*, Apfelessig*, Kräuter* *aus biologischer Landwirtschaft.",1481,359,35,"3,3","4,4","4,4","5,4","1,4",https://www.edeka24.de/Lebensmittel/Fruehstueck-Snacks/Streichcreme-Aufstrich/Alnatura-Bio-Streichcreme-Toskana-180G.html,https://www.edeka24.de/out/pictures/generated/product/1/540_540_90/bio_alnatura_streichcreme_toskana_180g.jpg
1356,Lebensmittel,Frühstück & Snacks,Streichcreme-Aufstrich,Alnatura Bio Linsenaufstrich wie Leberwurst 165G,"2,29 €","13,88 €/kg","inkl. MwSt., zzgl. 4.95 € Versandkosten.",lieferbar innerhalb von 2-5 Werktagen,2023-05-03 00:08:17.966015,"Bio Brotaufstrich aus Roten Linsen, vegan",Hinweis zur Aufbewahrung: Nach dem Öffnen bitte im Kühlschrank aufbewahren und innerhalb einer Woche verbrauchen. Produkt wird bei Kühlschranktemperatur fest. Bitte vor dem Verzehr aus dem Kühlschrank nehmen.,"Verantwortliches Lebensmittelunternehmen:
Alnatura Produktions- und Handels GmbH, Mahatma-Gandhi-Str. 7, 64295 Darmstadt","Zutatenverzeichnis: Wasser, rote Linsen* 14 %, Kokosöl*, Zwiebeln*, Karotten*, TOFU* geräuchert (SOJABOHNEN*, Wasser, SOJASAUCE* (Wasser, SOJABOHNEN*, WEIZEN*, Meersalz), Gerinnungsmittel: Nigari (Magnesiumchlorid), Rauch), Sonnenblumenöl*, Tomatenmark*, Meersalz, SOJASAUCE* (Wasser, Sojabohnen*, Speisesalz), Weißweinessig*, Gewürze* *aus biologischer Landwirtschaft . Kann Spuren von CASHEWNUSS enthalten.",853,206,17,13,7,"1,2","4,9","1,2",https://www.edeka24.de/Lebensmittel/Fruehstueck-Snacks/Streichcreme-Aufstrich/Alnatura-Bio-Linsenaufstrich-wie-Leberwurst-165G.html,https://www.edeka24.de/out/pictures/generated/product/1/540_540_90/alnatura_bio_linsenaufstrich_wie_leberwurst_165_g.jpg
1357,Lebensmittel,Frühstück & Snacks,Streichcreme-Aufstrich,Alnatura Bio Pastete Champignon 125G,"1,89 €","15,12 €/kg","inkl. MwSt., zzgl. 4.95 € Versandkosten.",lieferbar innerhalb von 2-5 Werktagen,2023-05-03 00:08:21.403497,"Bio Brotaufstrich auf Hefebasis mit Champignons, vegan",Hinweis zur Aufbewahrung: Nach dem Öffnen bitte im Kühlschrank aufbewahren und möglichst innerhalb von 3 Tagen verbrauchen.,"Verantwortliches Lebensmittelunternehmen:
Alnatura Produktions- und Handels GmbH, Mahatma-Gandhi-Str. 7, 64295 Darmstadt","Zutatenverzeichnis: Wasser, Champignons* weiß 21 %, Sonnenblumenöl*, Kartoffelstärke, Hefe* getrocknet 8 %, Sonnenblumenkerne* gemahlen, teilentfettet, Meersalz, Zwiebelpulver*, Verdickungsmittel: Johannisbrotkernmehl*, Zitronensaft* *aus biologischer Landwirtschaft .",837,202,16,"1,8",9,"0,8",4,"1,3",https://www.edeka24.de/Lebensmittel/Fruehstueck-Snacks/Streichcreme-Aufstrich/Alnatura-Bio-Pastete-Champignon-125G.html,https://www.edeka24.de/out/pictures/generated/product/1/540_540_90/bio_alnatura_pastete_champignon_125g.jpg
1358,Lebensmittel,Frühstück & Snacks,Streichcreme-Aufstrich,Alnatura Bio Pastete Delikatess 125G,"1,89 €","15,12 €/kg","inkl. MwSt., zzgl. 4.95 € Versandkosten.",lieferbar innerhalb von 2-5 Werktagen,2023-05-03 00:08:25.246038,"Bio Brotaufstrich auf Hefebasis, vegan",Hinweis zur Aufbewahrung: Nach dem Öffnen bitte im Kühlschrank aufbewahren und möglichst innerhalb von 3 Tagen verbrauchen.,"Verantwortliches Lebensmittelunternehmen:
Alnatura Produktions- und Handels GmbH, Mahatma-Gandhi-Str. 7, 64295 Darmstadt","Zutatenverzeichnis: Wasser, Sonnenblumenöl*, Kartoffelstärke*, Hefe* getrocknet 8 %, Sonnenblumenkerne* gemahlen, teilentfettet, Meersalz, Tomatenmark*, Sojasauce* (Wasser, SOJABOHNEN*, Meersalz), Liebstöckel*, Verdickungsmittel: Johannisbrotkernmehl* *aus biologischer Landwirtschaft",862,208,17,"1,9","7,8","0,5","4,5","1,4",https://www.edeka24.de/Lebensmittel/Fruehstueck-Snacks/Streichcreme-Aufstrich/Alnatura-Bio-Pastete-Delikatess-125G.html,https://www.edeka24.de/out/pictures/generated/product/1/540_540_90/bio_alnatura_pastete_delikatess_125g.jpg
1359,Lebensmittel,Frühstück & Snacks,Streichcreme-Aufstrich,Alnatura Bio Pastete Kräuter 125G,"1,89 €","15,12 €/kg","inkl. MwSt., zzgl. 4.95 € Versandkosten.",lieferbar innerhalb von 2-5 Werktagen,2023-05-03 00:08:29.511597,-,Hinweis zur Aufbewahrung: Nach dem Öffnen bitte im Kühlschrank aufbewahren und möglichst innerhalb von 3 Tagen verbrauchen.,"Verantwortliches Lebensmittelunternehmen:
Alnatura GmbH, Mahatma-Gandhi-Straße 7, 64295 Darmstadt","Zutatenverzeichnis: Wasser, Sonnenblumenöl*, Kartoffelstärke*, Hefe* getrocknet 8 %, Sonnenblumenkerne* gemahlen, teilentfettet, Zwiebelpulver*, Lauch*, Meersalz, Kräuter* getrocknet (Basilikum*, Schnittlauch*, Majoran*), Tomatenmark*, Spinat* getrocknet, Gewürze* *aus biologischer Landwirtschaft .",863,208,16,"1,7",10,"0,5","4,5","1,2",https://www.edeka24.de/Lebensmittel/Fruehstueck-Snacks/Streichcreme-Aufstrich/Alnatura-Bio-Pastete-Kraeuter-125G.html,https://www.edeka24.de/out/pictures/generated/product/1/540_540_90/bio_alnatura_pastete_kramp228uter_vegan_125g.jpg
1360,Lebensmittel,Frühstück & Snacks,Streichcreme-Aufstrich,Alnatura Bio Pastete Olive 125G,"1,89 €","15,12 €/kg","inkl. MwSt., zzgl. 4.95 € Versandkosten.",lieferbar innerhalb von 2-5 Werktagen,2023-05-03 00:08:33.126803,"Bio Brotaufstrich auf Hefebasis mit Oliven, vegan",Hinweis zur Aufbewahrung: Nach dem Öffnen bitte im Kühlschrank aufbewahren und möglichst innerhalb von 3 Tagen verbrauchen.,"Verantwortliches Lebensmittelunternehmen:
Alnatura Produktions- und Handels GmbH, Mahatma-Gandhi-Str. 7, 64295 Darmstadt","Zutatenverzeichnis: Wasser, Sonnenblumenöl*, Oliven* schwarz 8 % (Oliven*, Meersalz),Hefe* getrocknet 8 %, Kartoffelstärke*, Tomatenmark*, Oliven* grün 4 % (Oliven*, Meersalz), Sonnenblumenkerne* gemahlen, teilentfettet, Apfelsaftkonzentrat*, Meersalz, Gewürze*, Obstessig*, Verdickungsmittel: Johannisbrotkernmehl*, Kräuter* *aus biologischer Landwirtschaft",917,221,17,2,11,"2,5","4,5","1,9",https://www.edeka24.de/Lebensmittel/Fruehstueck-Snacks/Streichcreme-Aufstrich/Alnatura-Bio-Pastete-Olive-125G.html,https://www.edeka24.de/out/pictures/generated/product/1/540_540_90/bio_alnatura_pastete_olive_125g.jpg
1361,Lebensmittel,Frühstück & Snacks,Streichcreme-Aufstrich,Alnatura Bio Pastete Grüner Pfeffer 125G,"1,89 €","15,12 €/kg","inkl. MwSt., zzgl. 4.95 € Versandkosten.",lieferbar innerhalb von 2-5 Werktagen,2023-05-03 00:08:36.918297,"Bio Brotaufstrich auf Hefebasis mit grünem Pfeffer, vegan",Hinweis zur Aufbewahrung: Nach dem Öffnen bitte im Kühlschrank aufbewahren und möglichst innerhalb von 3 Tagen verbrauchen.,"Verantwortliches Lebensmittelunternehmen:
Alnatura Produktions- und Handels GmbH, Mahatma-Gandhi-Str. 7, 64295 Darmstadt","Zutatenverzeichnis: Wasser, Sonnenblumenöl*, Kartoffelstärke*, Hefe* getrocknet 8 %, Sonnenblumenkerne* gemahlen, teilentfettet, Grüner Pfeffer* 1,8 % (grüne Pfefferkörner*, Wasser, Meersalz, Essig*), Meersalz, Tomatenmark*, Verdickungsmittel: Johannisbrotkernmehl*, Weißer Pfeffer* *aus biologischer Landwirtschaft",853,206,17,"1,9","7,5","0,5",4,"1,8",https://www.edeka24.de/Lebensmittel/Fruehstueck-Snacks/Streichcreme-Aufstrich/Alnatura-Bio-Pastete-Gruener-Pfeffer-125G.html,https://www.edeka24.de/out/pictures/generated/product/1/540_540_90/bio_alnatura_pastete_gramp252ner_pfeffer_125g.jpg
1362,Lebensmittel,Frühstück & Snacks,Streichcreme-Aufstrich,Alnatura Bio Kichererbse-Ingwer Aufstrich 120G,"1,59 €","13,25 €/kg","inkl. MwSt., zzgl. 4.95 € Versandkosten.",lieferbar innerhalb von 2-5 Werktagen,2023-05-03 00:08:40.222199,"Bio Brotaufstrich mit Kichererbsen und Ingwer, vegetarisch",Hinweis zur Aufbewahrung: Nach dem Öffnen bitte im Kühlschrank aufbewahren und möglichst innerhalb einer Woche verbrauchen.,"Verantwortliches Lebensmittelunternehmen:
Alnatura Produktions- und Handels GmbH, Mahatma-Gandhi-Str. 7, 64295 Darmstadt","Zutatenverzeichnis: Kichererbsen* 40%, Sonnenblumenöl*, Wasser, CASHEWNÜSSE*, Zitronensaft*, Rohrohrzucker*, Meersalz, Currypulver*, Ingwer* 0,2%. *aus biologischer Landwirtschaft.",1353,327,28,"3,5",12,"3,3","5,2","0,71",https://www.edeka24.de/Lebensmittel/Fruehstueck-Snacks/Streichcreme-Aufstrich/Alnatura-Bio-Kichererbse-Ingwer-Aufstrich-120G.html,https://www.edeka24.de/out/pictures/generated/product/1/540_540_90/alnaturakichererbse-ingweraufstrich.jpg
1363,Lebensmittel,Frühstück & Snacks,Streichcreme-Aufstrich,Alnatura Bio Paprika Walnuss Aufstrich 135G,"2,49 €","18,44 €/kg","inkl. MwSt., zzgl. 4.95 € Versandkosten.",lieferbar innerhalb von 2-5 Werktagen,2023-05-03 00:08:43.463027,"Bio Brotaufstrich mit Paprika und Walnuss, vegan",Hinweis zur Aufbewahrung: Nach dem Öffnen bitte im Kühlschrank aufbewahren und innerhalb von 5 Tagen verbrauchen.,"Verantwortliches Lebensmittelunternehmen:
Alnatura Produktions- und Handels GmbH, Mahatma-Gandhi-Str. 7, 64295 Darmstadt","Zutatenverzeichnis: Paprika* rot 47 %, Wasser, Sonnenblumenkerne*, Zwiebeln* 9 %, Sonnenblumenöl*, WALNÜSSE* 4 %, Tomatenmark*, Agavendicksaft*, Kartoffelstärke*, Zitronensaftkonzentrat*, Meersalz, Verdickungsmittel: Johannisbrotkernmehl*, Paprika* edelsüß, Weißer Pfeffer*, Liebstöckel* *aus biologischer Landwirtschaft .",771,186,14,"1,5","9,5","6,5","3,5","1,2",https://www.edeka24.de/Lebensmittel/Fruehstueck-Snacks/Streichcreme-Aufstrich/Alnatura-Bio-Paprika-Walnuss-Aufstrich-135G.html,https://www.edeka24.de/out/pictures/generated/product/1/540_540_90/bio_alnatura_aufstrich_gartengemamp252se_paprika_walnuss_135g.jpg
1364,Lebensmittel,Frühstück & Snacks,Streichcreme-Aufstrich,Alnatura Bio Hokkaido Kürbis Aufstrich 125G,"1,59 €","12,72 €/kg","inkl. MwSt., zzgl. 4.95 € Versandkosten.",lieferbar innerhalb von 2-5 Werktagen,2023-05-03 00:08:47.007799,-,Hinweis zur Aufbewahrung: Nach dem Öffnen bitte im Kühlschrank aufbewahren und möglichst innerhalb einer Woche verbrauchen.,"Verantwortliches Lebensmittelunternehmen:
Alnatura GmbH, Mahatma-Gandhi-Straße 7, 64295 Darmstadt","Zutatenverzeichnis: Kürbis* 32%, Wasser, Sonnenblumenöl*, Zwiebeln*, Karotten* , Rohrohrzucker*, Zitronensaft*, CASHEWNÜSSE*, Maisgrieß*, Meersalz , Gewürze*, Verdickungsmittel: Guarkernmehl* *aus biologischer Landwirtschaft .",798,192,13,"1,5",16,9,"1,7","0,74",https://www.edeka24.de/Lebensmittel/Fruehstueck-Snacks/Streichcreme-Aufstrich/Alnatura-Bio-Hokkaido-Kuerbis-Aufstrich-125G.html,https://www.edeka24.de/out/pictures/generated/product/1/540_540_90/alnatura_bio_hokkaido_krbis_aufstrich_125_g.jpg
1365,Lebensmittel,Frühstück & Snacks,Streichcreme-Aufstrich,Alnatura Bio Kidneybohne Paprika Chili Aufstrich 140G,"2,29 €","16,36 €/kg","inkl. MwSt., zzgl. 4.95 € Versandkosten.",lieferbar innerhalb von 2-5 Werktagen,2023-05-03 00:08:50.621064,"Bio Kidneybohnenaufstrich mit Paprika, vegan",Hinweis zur Aufbewahrung: Nach dem Öffnen bitte im Kühlschrank aufbewahren und innerhalb von 5 Tagen verbrauchen.,"Verantwortliches Lebensmittelunternehmen:
Alnatura Produktions- und Handels GmbH, Mahatma-Gandhi-Str. 7, 64295 Darmstadt","Zutatenverzeichnis: Tomatenmark*, Kidneybohnen* 19%, Wasser, SOJABOHNEN*, Paprika* rot 10 %, Sonnenblumenöl*, Karotten*, Meersalz, Maisstärke*, Knoblauch*, Paprika* edelsüss, Rohrohrzucker*, Zwiebel*, Kreuzkümmel*, Paprikapulver* scharf, Chili*, Zitronensaftkonzentrat*, Oregano*, Pfeffer* *aus biologischer Landwirtschaft.",672,162,11,"1,3","7,1","3,2",6,"1,2",https://www.edeka24.de/Lebensmittel/Fruehstueck-Snacks/Streichcreme-Aufstrich/Alnatura-Bio-Kidneybohne-Paprika-Chili-Aufstrich-140G.html,https://www.edeka24.de/out/pictures/generated/product/1/540_540_90/bio_alnatura_kidneybohnepaprika_chili_aufstrich_140g.jpg
1366,Lebensmittel,Frühstück & Snacks,Streichcreme-Aufstrich,Alnatura Bio Pastete Shiitake 125G,"1,89 €","15,12 €/kg","inkl. MwSt., zzgl. 4.95 € Versandkosten.",lieferbar innerhalb von 2-5 Werktagen,2023-05-03 00:08:53.944982,"Bio Brotaufstrich auf Hefebasis mit Shiitake-Pilzen, vegan",Hinweis zur Aufbewahrung: Nach dem Öffnen bitte im Kühlschrank aufbewahren und möglichst innerhalb von 3 Tagen verbrauchen.,"Verantwortliches Lebensmittelunternehmen:
Alnatura GmbH, Mahatma-Gandhi-Straße 7, 64295 Darmstadt","Zutatenverzeichnis: Wasser, Sonnenblumenöl*, Shiitake Pilze* 12 %, Kartoffelstärke*, Hefe* getrocknet 7 %, Sonnenblumenkerne* gemahlen, teilentfettet, Meersalz, Zwiebeln* getrocknet, Knoblauchpulver*, SOJASAUCE* (Wasser, SOJABOHNEN*, Meersalz), Weißer Pfeffer*, Verdickungsmittel: Johannisbrotkernmehl* *aus biologischer Landwirtschaft .",790,191,15,"1,6",8,"0,8","4,3","1,3",https://www.edeka24.de/Lebensmittel/Fruehstueck-Snacks/Streichcreme-Aufstrich/Alnatura-Bio-Pastete-Shiitake-125G.html,https://www.edeka24.de/out/pictures/generated/product/1/540_540_90/bio_alnatura_pastete_shiitake_125g.jpg
1367,Lebensmittel,Frühstück & Snacks,Streichcreme-Aufstrich,Rettergut Bio Brotaufstrich Rote Beete & Meerrettich 135G,"2,79 €","20,67 €/kg","inkl. MwSt., zzgl. 4.95 € Versandkosten.",lieferbar innerhalb von 2-5 Werktagen,2023-05-03 00:08:56.837392,-,Hinweis zur Aufbewahrung: Nach dem Öffnen kühl aufbewahren.,"Verantwortliches Lebensmittelunternehmen:
Dörrwerk GmbH, Im Marienpark 22, 12107 Berlin","Zutatenverzeichnis: Rote Beete* 35 %, Sonnenblumenkerne*, Sonnenblumenöl*, Wasser, Meerrettichzubereitung* (Meerrettich* 4 %, Branntweinessig*, Wasser, Meersalz), Zwiebeln*, Rote Beete Saftkonzentrat*, Zitronensaftkonzentrat*, Apfelsaftkonzentrat*, Maisstärke*, Steinsalz, Branntweinessig*, *aus kontrolliert biologischem Anbau",1225,296,26,3,9,"5,8","4,8","1,2",https://www.edeka24.de/Lebensmittel/Fruehstueck-Snacks/Streichcreme-Aufstrich/Rettergut-Bio-Brotaufstrich-Rote-Beete-Meerrettich-135G.html,https://www.edeka24.de/out/pictures/generated/product/1/540_540_90/rettergutrobeemeerr.jpg
1368,Lebensmittel,Frühstück & Snacks,Streichcreme-Aufstrich,Alnatura Bio Gelbe Linse Kurkuma Aufstrich 140G,"2,29 €","16,36 €/kg","inkl. MwSt., zzgl. 4.95 € Versandkosten.",lieferbar innerhalb von 2-5 Werktagen,2023-05-03 00:09:00.502498,"Bio Aufstrich auf Gelbe Linsen-Basis, vegan",Hinweis zur Aufbewahrung: Nach dem Öffnen bitte im Kühlschrank aufbewahren und innerhalb von 5 Tagen verbrauchen.,"Verantwortliches Lebensmittelunternehmen:
Alnatura Produktions- und Handels GmbH, Mahatma-Gandhi-Str. 7, 64295 Darmstadt","Zutatenverzeichnis: Wasser, Gelbe Linsen* 16%, SOJABOHNEN*, Sonnenblumenöl*, Zwiebeln*, Tomatenmark*, Apfelessig*, SOJASCHROT*, Datteln getrocknet* (Datteln*, Reismehl*), CURRY* (enthält SENFMEHL*), Maisstärke*, Meersalz, Rohrohrzucker*, Knoblauch*, Kurkuma*, Fenchel*, SENFMEHL*, Kreuzkümmel*, Pfeffer*, Schwarzkümmel*, Petersilie* *aus biologischer Landwirtschaft.",656,158,11,"1,3","7,1",3,"5,9","1,2",https://www.edeka24.de/Lebensmittel/Fruehstueck-Snacks/Streichcreme-Aufstrich/Alnatura-Bio-Gelbe-Linse-Kurkuma-Aufstrich-140G.html,https://www.edeka24.de/out/pictures/generated/product/1/540_540_90/bio_alnatura_gelbe_linsekurkuma_aufstrich_140g.jpg
1369,Lebensmittel,Frühstück & Snacks,Streichcreme-Aufstrich,EDEKA Bio My Veggie Mandelmus braun 250G,"5,99 €","23,96 €/kg","inkl. MwSt., zzgl. 4.95 € Versandkosten.",lieferbar innerhalb von 2-5 Werktagen,2023-05-03 00:09:04.311617,-,,"Verantwortliches Lebensmittelunternehmen:
EDEKA ZENTRALE Stiftung & Co. KG, D-22291 Hamburg","Zutatenverzeichnis: MANDELN*. *aus kontrolliert ökologischer Landwirtschaft Das Produkt kann Spuren von ERDNÜSSEN, anderen SCHALENFRÜCHTEN, SESAM, MILCH und LUPINE enthalten.",2681,649,"57,4","5,5",5,"3,9","23,4","0,004",https://www.edeka24.de/Lebensmittel/Fruehstueck-Snacks/Streichcreme-Aufstrich/EDEKA-Bio-My-Veggie-Mandelmus-braun-250G.html,https://www.edeka24.de/out/pictures/generated/product/1/540_540_90/edeka_bio_vegan_mandelmus_braun_250g(1).jpg
1370,Lebensmittel,Frühstück & Snacks,Streichcreme-Aufstrich,Alnatura Bio Brotaufstrich Spinat Walnuss 135G,"2,49 €","18,44 €/kg","inkl. MwSt., zzgl. 4.95 € Versandkosten.",lieferbar innerhalb von 2-5 Werktagen,2023-05-03 00:09:08.230613,"Bio Brotaufstrich mit Spinat und Walnuss, vegan",Hinweis zur Aufbewahrung: Nach dem Öffnen bitte im Kühlschrank aufbewahren und innerhalb von drei Tagen verbrauchen.,"Verantwortliches Lebensmittelunternehmen:
Alnatura GmbH, Mahatma-Gandhi-Straße 7, 64295 Darmstadt","Zutatenverzeichnis: Spinat* 44%, Zwiebeln* 18%, Sonnenblumenkerne*, Sonnenblumenöl*,WALNÜSSE* 3%, Agavendicksaft*, Zitronensaftkonzentrat*, Kartoffelstärke*, Meersalz, Knoblauch*, SENF* (Wasser, Senfsaat*, Branntweinessig*, Meersalz, Gewürze*), Verdickungsmittel: Johannisbrotkernmehl*, Schwarzer Pfeffer* *aus biologischer Landwirtschaft .",937,226,19,"2,1","7,7","2,9","4,9","1,1",https://www.edeka24.de/Lebensmittel/Fruehstueck-Snacks/Streichcreme-Aufstrich/Alnatura-Bio-Brotaufstrich-Spinat-Walnuss-135G.html,https://www.edeka24.de/out/pictures/generated/product/1/540_540_90/alnatura_bio_brotaufstrich_gartengemse_spinat_walnuss_135_g.jpg
1371,Lebensmittel,Frühstück & Snacks,Streichcreme-Aufstrich,Rettergut Bio Aufstrich Tomate & Kräuter 135G,"2,79 €","20,67 €/kg","inkl. MwSt., zzgl. 4.95 € Versandkosten.",lieferbar innerhalb von 2-5 Werktagen,2023-05-03 00:09:12.053559,Bio Tomatenaufstrich mit Kräutern,Hinweis zur Aufbewahrung: Nach dem Öffnen kühl aufbewahren.,"Verantwortliches Lebensmittelunternehmen:
Dörrwerk GmbH, Im Marienpark 22, 12107 Berlin","Zutatenverzeichnis: Tomaten* 28 %, Tomatenpulpe* 18 %, Tomatenmark* 2fach konzentriert* 18 %, Sonnenblumenkerne*, Zwiebeln*, Sonnenblumenöl*, Wasser, Tomaten getrocknet* 2,5% (Tomaten getrocknet*, Meersalz), Basilikum* 2%, Steinsalz, Agavendicksaft*, Olivenöl nativ extra*, Kartoffelstärke*, Knoblauch*, Zitronensaftkonzentrat*, Oregano*, Rosmarin*, Thymian*, Petersilie*, *aus kontrolliert biologischem Anbau",654,158,12,"1,4","7,5","4,8","4,2","1,5",https://www.edeka24.de/Lebensmittel/Fruehstueck-Snacks/Streichcreme-Aufstrich/Rettergut-Bio-Aufstrich-Tomate-Kraeuter-135G.html,https://www.edeka24.de/out/pictures/generated/product/1/540_540_90/retterguttom-kru.jpg
1372,Lebensmittel,Frühstück & Snacks,Streichcreme-Aufstrich,Rettergut Bio Aufstrich Paprika Pikant 135G,"2,79 €","20,67 €/kg","inkl. MwSt., zzgl. 4.95 € Versandkosten.",lieferbar innerhalb von 2-5 Werktagen,2023-05-03 00:09:15.985831,Bio Paprikaaufstrich,Hinweis zur Aufbewahrung: Nach dem Öffnen Kühl aufbewahren.,"Verantwortliches Lebensmittelunternehmen:
Dörrwerk GmbH, Im Marienpark 22, 12107 Berlin","Zutatenverzeichnis: Paprika* rot 30 %, Sonnenblumenkerne*, Wasser, Sonnenblumenöl*, Tomaten*, Tomatenmark*, Zwiebeln*, Mais*, Agavendicksaft*, Maisstärke*, Steinsalz, Zitronensaftkonzentrat*, Gewürze*, Chili* 0,3%, *aus kontrolliert biologischem Anbau",806,194,14,"1,6","9,8","5,7","4,8","1,2",https://www.edeka24.de/Lebensmittel/Fruehstueck-Snacks/Streichcreme-Aufstrich/Rettergut-Bio-Aufstrich-Paprika-Pikant-135G.html,https://www.edeka24.de/out/pictures/generated/product/1/540_540_90/rettergutpappik.jpg
1373,Lebensmittel,Frühstück & Snacks,Streichcreme-Aufstrich,Alnatura Bio Streichcreme Curry Mango Papaya 180G,"1,89 €","10,50 €/kg","inkl. MwSt., zzgl. 4.95 € Versandkosten.",lieferbar innerhalb von 2-5 Werktagen,2023-05-03 00:09:20.210027,"Bio Brotaufstrich mit Mango, Papaya und Curry, vegan",Hinweis zur Aufbewahrung: Nach dem Öffnen bitte im Kühlschrank aufbewahren und innerhalb von 7 Tagen verbrauchen.,"Verantwortliches Lebensmittelunternehmen:
Alnatura GmbH, Mahatma-Ghandi-Str. 7, 64295 Darmstadt","Zutatenverzeichnis: Sonnenblumenöl*, Sonnenblumenkerne*, 20% Wasser, Mango* 10%, Papayapüree* 10%, Zitronensaft* aus Zitronensaftkonzentrat*, Äpfel*, Apfelsaftkonzentrat*, Rohrohrzucker*, CURRYPULVER*, Speisesalz*, Apfelessig*, Kartoffelstärke*, SENFMEHL*, Gewürze* *aus biologischer Landwirtschaft.",1471,356,33,3,"7,7","5,5","5,3","1,3",https://www.edeka24.de/Lebensmittel/Fruehstueck-Snacks/Streichcreme-Aufstrich/Alnatura-Bio-Streichcreme-Curry-Mango-Papaya-180G.html,https://www.edeka24.de/out/pictures/generated/product/1/540_540_90/bio_alnatura_streichcreme_curry_mango_papaya_180g.jpg
1374,Lebensmittel,Frühstück & Snacks,Streichcreme-Aufstrich,Alnatura Bio Hummus Feige-Dattel 180G,"2,19 €","12,17 €/kg","inkl. MwSt., zzgl. 4.95 € Versandkosten.",lieferbar innerhalb von 2-5 Werktagen,2023-05-03 00:09:26.439511,"Bio Brotaufstrich mit Kichererbsen, Feigen und Datteln, vegan",Hinweis zur Aufbewahrung: Nach dem Öffnen bitte im Kühlschrank aufbewahren und möglichst innerhalb von 7 Tagen verbrauchen.,"Verantwortliches Lebensmittelunternehmen:
Alnatura GmbH, Mahatma-Gandhi-Straße 7, 64295 Darmstadt","Zutatenverzeichnis: Kichererbsen* gekocht 30 %, Wasser, Sonnenblumenöl*, Feigen* 10%, Zitronensaft* aus Zitronensaftkonzentrat*, Datteln* getrocknet (Datteln*, Vollkornreismehl*) 4 %, TAHIN* (SESAMMUS*), Feigen* getrocknet (Feigen*, Reismehl*) 3,2 %, Speisesalz, Gewürzmischung Ras el Hanout* (Koriander*, Ingwer*, Kumin*, Kurkuma*, Pfeffer*, Ceylon-Zimt*, Kardamom*, Lorbeer*, Muskat*, Nelken*), Paprika*, Pfeffer*, Cayenne-Pfeffer*. Kann spuren von GLUTEN, ERDNUSS uns SENF enthalten. *aus biologischer Landwirtschaft",979,236,18,"1,7",12,"5,8","4,3","1,2",https://www.edeka24.de/Lebensmittel/Fruehstueck-Snacks/Streichcreme-Aufstrich/Alnatura-Bio-Hummus-Feige-Dattel-180G.html,https://www.edeka24.de/out/pictures/generated/product/1/540_540_90/bio_alnatura_hummus_feigedattel_180g(2).jpg
1375,Lebensmittel,Frühstück & Snacks,Streichcreme-Aufstrich,Alnatura Bio Bruschetta Schwarze Olive 130G,"3,49 €","26,85 €/kg","inkl. MwSt., zzgl. 4.95 € Versandkosten.",lieferbar innerhalb von 2-5 Werktagen,2023-05-03 00:09:29.600512,Bio Bruschetta - Olivenzubereitung,Hinweis zur Aufbewahrung: Nach dem Öffnen im Kühlschrank lagern und innerhalb von 5 Tagen verbrauchen.,"Verantwortliches Lebensmittelunternehmen:
Alnatura GmbH, Darmstädter Str. 63, 64404 Bickenbach","Zutatenverzeichnis: Schwarze Oliven* 67%, natives Olivenöl extra*, Zitronensaft*, Meersalz *aus biologischer Landwirtschaft.",1790,435,47,"6,2","0,6","0,6","1,1","1,1",https://www.edeka24.de/Lebensmittel/Fruehstueck-Snacks/Streichcreme-Aufstrich/Alnatura-Bio-Bruschetta-Schwarze-Olive-130G.html,https://www.edeka24.de/out/pictures/generated/product/1/540_540_90/bio_alnatura_bruschetta_schwarze_olive_130g.jpg
1376,Lebensmittel,Frühstück & Snacks,Streichcreme-Aufstrich,Alnatura Bio Mandelmus weiß 250G,"9,49 €","37,96 €/kg","inkl. MwSt., zzgl. 4.95 € Versandkosten.",lieferbar innerhalb von 2-5 Werktagen,2023-05-03 00:09:32.951754,-,Hinweis zur Aufbewahrung: Mindestens haltbar bis: siehe Deckel,"Verantwortliches Lebensmittelunternehmen:
Alnatura Produktions- und Handels GmbH, Mahatma-Gandhi-Str. 7, 64295 Darmstadt","Zutatenverzeichnis: MANDELN* geschält *aus biologischer Landwirtschaft . Kann Spuren von ERDNUSS, MILCH, HASELNUSS, WALNUSS, CASHEWNUSS, MACADAMIANUSS, SESAM und LUPINE enthalten.",2781,673,61,"4,8","5,2","4,6",22,"0,01",https://www.edeka24.de/Lebensmittel/Fruehstueck-Snacks/Streichcreme-Aufstrich/Alnatura-Bio-Mandelmus-weiss-250G.html,https://www.edeka24.de/out/pictures/generated/product/1/540_540_90/alnaturamandelmusweis.jpg
1377,Lebensmittel,Frühstück & Snacks,Streichcreme-Aufstrich,Alnatura Bio Hummus Sonnentomate 180G,"2,19 €","12,17 €/kg","inkl. MwSt., zzgl. 4.95 € Versandkosten.",lieferbar innerhalb von 2-5 Werktagen,2023-05-03 00:09:36.602325,Bio Brotaufstrich mit Kichererbsen und getrockneten Tomaten,Hinweis zur Aufbewahrung: Nach dem Öffnen bitte im Kühlschrank aufbewahren und innerhalb von 7 Tagen verbrauchen.,"Verantwortliches Lebensmittelunternehmen:
Alnatura GmbH, Mahatma-Gandhi-Straße 7, 64295 Darmstadt","Zutatenverzeichnis: Kichererbsen* gekocht 31 %, Wasser, Sonnenblumenöl*, Tomatenmark* einfach konzentriert 9 %, Tomaten* getrocknet 7,2 %, Tomaten* 7 %, Zwiebeln*, Zitronensaft* aus Zitronensaftkonzentrat*, TAHIN* (SESAMMUS*), Apfelsaftkonzentrat*, Speisesalz, Gewürze*. Kann Spuren von ERDNUSS enthalten. *aus biologischer Landwirtschaft",755,182,13,"1,3","9,8","4,2","4,5","1,3",https://www.edeka24.de/Lebensmittel/Fruehstueck-Snacks/Streichcreme-Aufstrich/Alnatura-Bio-Hummus-Sonnentomate-180G.html,https://www.edeka24.de/out/pictures/generated/product/1/540_540_90/alnatura_bio_hummus_sonnentomate_180g.jpg
1378,Lebensmittel,Frühstück & Snacks,Streichcreme-Aufstrich,Alnatura Bio Tomate-Basilikum Aufstrich 110G,"1,59 €","14,45 €/kg","inkl. MwSt., zzgl. 4.95 € Versandkosten.",lieferbar innerhalb von 2-5 Werktagen,2023-05-03 00:09:40.594393,"Bio Brotaufstrich mit Tomaten und Basilikum, vegetarisch",Hinweis zur Aufbewahrung: Nach dem Öffnen bitte im Kühlschrank aufbewahren und möglichst innerhalb einer Woche verbrauchen.,"Verantwortliches Lebensmittelunternehmen:
Alnatura GmbH, Darmstädter Str. 63, 64404 Bickenbach","Zutatenverzeichnis: Sonnenblumenöl*, Wasser, Tomaten* 13%, Paprika*, Zwiebeln*, Basilikum* 8,5%, Rohrohrzucker*, Weißweinessig*, Maisstärke*, Meersalz,Verdickungsmittel: Guarkernmehl*, Rapsöl*, SENFSAAT*, Knoblauch*. *aus biologischer Landwirtschaft. Kann Spuren von CASHEWNUSS enthalten.",1032,249,22,"2,6",11,"6,9",1,"1,5",https://www.edeka24.de/Lebensmittel/Fruehstueck-Snacks/Streichcreme-Aufstrich/Alnatura-Bio-Tomate-Basilikum-Aufstrich-110G.html,https://www.edeka24.de/out/pictures/generated/product/1/540_540_90/alnaturatom-bas-aufstrich.jpg
1379,Lebensmittel,Frühstück & Snacks,Streichcreme-Aufstrich,EDEKA Bio Tahin Sesammus vegan 260G,"3,79 €","14,58 €/kg","inkl. MwSt., zzgl. 4.95 € Versandkosten.",lieferbar innerhalb von 2-5 Werktagen,2023-05-03 00:09:44.052986,-,Hinweis zur Aufbewahrung: Vor Wärme geschützt lagern.,"Verantwortliches Lebensmittelunternehmen:
EDEKA ZENTRALE Stiftung & Co. KG, D-22291 Hamburg",Zutatenverzeichnis: SESAM* geröstet. *aus kontrolliert ökologischer Landwirtschaft.,2677,648,57,"9,2","2,7",1,26,"0,01",https://www.edeka24.de/Lebensmittel/Fruehstueck-Snacks/Streichcreme-Aufstrich/EDEKA-Bio-Tahin-Sesammus-vegan-260G.html,https://www.edeka24.de/out/pictures/generated/product/1/540_540_90/bio_edeka_tahin_sesammus_260g.jpg
1380,Lebensmittel,Frühstück & Snacks,Streichcreme-Aufstrich,Alnatura Bio Tomate Kräuter Aufstrich 135G,"2,49 €","18,44 €/kg","inkl. MwSt., zzgl. 4.95 € Versandkosten.",lieferbar innerhalb von 2-5 Werktagen,2023-05-03 00:09:47.168060,"Bio Brotaufstrich mit Tomaten und Kräutern, vegan",Hinweis zur Aufbewahrung: Nach dem Öffnen bitte im Kühlschrank aufbewahren und innerhalb von 5 Tagen verbrauchen.,"Verantwortliches Lebensmittelunternehmen:
Alnatura GmbH, Darmstädter Str. 63, 64404 Bickenbach","Zutatenverzeichnis: Tomaten* 46 %, Tomatenmark* einfach konzentriert 16 %, Sonnenblumenöl*, Sonnenblumenkerne*, Zwiebeln* 10%, Basilikum* 1,3 %, Kartoffelstärke*, Meersalz, Agavendicksaft*, Knoblauch*, Zitronensaftkonzentrat*, Verdickungsmittel: Johannisbrotkernmehl*, Oregano*, Chili* *aus biologischer Landwirtschaft .",791,191,16,"1,7",7,"4,1","3,5","1,2",https://www.edeka24.de/Lebensmittel/Fruehstueck-Snacks/Streichcreme-Aufstrich/Alnatura-Bio-Tomate-Kraeuter-Aufstrich-135G.html,https://www.edeka24.de/out/pictures/generated/product/1/540_540_90/bio_alnatura_aufstrich_gartengemamp252se_tomate_kramp228uter_135g.jpg
1381,Lebensmittel,Frühstück & Snacks,Streichcreme-Aufstrich,Alnatura Bio Linsen Dal Aufstrich 115G,"1,79 €","15,57 €/kg","inkl. MwSt., zzgl. 4.95 € Versandkosten.",lieferbar innerhalb von 2-5 Werktagen,2023-05-03 00:09:51.705233,"Bio Brotaufstrich mit Linsen, vegan",Hinweis zur Aufbewahrung: Nach dem Öffnen bitte im Kühlschrank aufbewahren und möglichstinnerhalb einer Woche verbrauchen.,"Verantwortliches Lebensmittelunternehmen:
Alnatura Produktions- und Handels GmbH, Mahatma-Gandhi-Str. 7, 64295 Darmstadt","Zutatenverzeichnis: Rote Linsen* gekocht (Wasser, Rote Linsen*) 39 %, Tomaten* passiert 19%, Wasser, Zwiebeln*, Kokosöl*, Kokosraspel*, Tomatenmark* zweifach konzentriert 1,5%, Meersalz, Zitronensaft*, Kreuzkümmel*, Chili*. *aus biologischer Landwirtschaft. Kann Spuren von CASHEWNUSS enthalten.",542,131,"9,5","8,7","6,6","1,8","3,4","1,2",https://www.edeka24.de/Lebensmittel/Fruehstueck-Snacks/Streichcreme-Aufstrich/Alnatura-Bio-Linsen-Dal-Aufstrich-115G.html,https://www.edeka24.de/out/pictures/generated/product/1/540_540_90/bio_alnatura_linsen_dal_aufstrich_115g.jpg
1382,Lebensmittel,Frühstück & Snacks,Wurst & Schinken,EDEKA La France Luftgetrocknete Ringsalami Pur Pork 300G,"4,49 €","14,97 €/kg","inkl. MwSt., zzgl. 4.95 € Versandkosten.",lieferbar innerhalb von 2-5 Werktagen,2023-05-03 00:09:55.745177,-,,"Verantwortliches Lebensmittelunternehmen:
EDEKA ZENTRALE Stiftung & Co. KG, D-22291 Hamburg","Zutatenverzeichnis: Schweinefleisch, Speisesalz, LAKTOSE, Gewürze, Glukosesirup, Dextrose, Konservierungsstoff: Kaliumnitrat; Reifekulturen, Schweinedarm. 100g Salami werden aus 162g Schweinefleisch hergestellt. Das Produkt kann Spuren von MILCH und SCHALENFRÜCHTEN(HASELNUSS) enthalten. Gewichtsverlust durch Austrocknung. Hülle ist zum Verzehr geeignet.",1815,437,35,"14,5","3,2","2,4","27,4","4,9",https://www.edeka24.de/Lebensmittel/Fruehstueck-Snacks/Wurst-Schinken/EDEKA-La-France-Luftgetrocknete-Ringsalami-Pur-Pork-300G.html,https://www.edeka24.de/out/pictures/generated/product/1/540_540_90/edeka_la_france_luftgetrocknete_ringsalami_pur_pork_300g(1).jpg
1383,Lebensmittel,Frühstück & Snacks,Wurst & Schinken,EDEKA Kaminwurzen 130G,"2,59 €","19,92 €/kg","inkl. MwSt., zzgl. 4.95 € Versandkosten.",lieferbar innerhalb von 2-5 Werktagen,2023-05-03 00:09:58.827372,"Österreichische Wurstspezialität ""Kaminwurzen""",,"Verantwortliches Lebensmittelunternehmen:
EDEKA ZENTRALE Stiftung & Co. KG, D-22291 Hamburg","Zutatenverzeichnis: Schweinefleisch, Speck, Speisesalz, Gewürze, Dextrose, Zucker, Antioxidationsmittel: Natriumascorbat; Konservierungsstoff: Natriumnitrit; Reifekulturen, essbare Wursthülle aus Rinderkollagen, Buchenholzrauch. 100g Kaminwurzen werden aus 167g Schweinefleisch hergestellt.",433,1797,35,14,14,"0,5",29,"4,5",https://www.edeka24.de/Lebensmittel/Fruehstueck-Snacks/Wurst-Schinken/EDEKA-Kaminwurzen-130G.html,https://www.edeka24.de/out/pictures/generated/product/1/540_540_90/edeka_amp214sterreich_kaminwurzen_130g.jpg
1384,Lebensmittel,Frühstück & Snacks,Wurst & Schinken,Schwarzwaldhof Landjäger 160G,"3,49 €","21,81 €/kg","inkl. MwSt., zzgl. 4.95 € Versandkosten.",lieferbar innerhalb von 2-5 Werktagen,2023-05-03 00:10:02.003368,Würstchen geräuchert,,"Verantwortliches Lebensmittelunternehmen:
Schwarzwaldhof Fleisch- und Wurstwaren GmbH, Waldshuterstr. 37 78176 Blumberg","Zutatenverzeichnis: Schweinefleisch, jodiertes Speisesalz, Dextrose, Gewürze, Würze, Aroma, Hefe, Säuerungsmittel: E575, färbendes Rote Bete-Saftkonzentrat, Antioxidationsmittel: Ascorbinsäure, Konservierungsstoff: Natriumnitrit, gefärbte essbare Hülle aus Rinderkollagen (Farbstoff E160a,c und E150c), Reifekulturen, Rauch. keine gem. LMIV; kann Spuren enthalten von: SENF und NÜSSEN.",446,1848,"38,0","15,5","1,0","0,5","25,0","3,9",https://www.edeka24.de/Lebensmittel/Fruehstueck-Snacks/Wurst-Schinken/Schwarzwaldhof-Landjaeger-160G.html,https://www.edeka24.de/out/pictures/generated/product/1/540_540_90/schwarzwaldhof_schwarzwlder_landjger_160_g.jpg
1385,Lebensmittel,Frühstück & Snacks,Wurst & Schinken,Houdek Kabanos Klassik 150G,"2,99 €","19,93 €/kg","inkl. MwSt., zzgl. 4.95 € Versandkosten.",lieferbar innerhalb von 2-5 Werktagen,2023-05-03 00:10:05.736302,"Kabanos Klassik, heißgeräucherte Salamispezialität",Hinweis zur Aufbewahrung: Nach dem Öffnen auch gekühlt nur begrenzt haltbar.,"Verantwortliches Lebensmittelunternehmen:
Rudolf und Robert Houdek GmbH, 82319 Starnberg","Zutatenverzeichnis: Schweinefleisch, jodiertes Speisesalz (Speisesalz, Kaliumiodat), Gewürze, getrockneter Glucosesirup, Geschmacksverstärker: Mononatriumglutamat, Dextrose, Zucker, Antioxidationsmittel: Natriumascorbat, Ascorbinsäure, Konservierungsstoff: Natriumnitrit, Naturdarm (Schwein), Buchenholzrauch. Kann Spuren von MILCH, SENF und SELLERIE enthalten. 100g Kabanos Klassik sind hergestellt aus 110g Schweinefleisch.",1232,297,24,10,"1,5",1,"18,5","2,9",https://www.edeka24.de/Lebensmittel/Fruehstueck-Snacks/Wurst-Schinken/Houdek-Kabanos-Klassik-150G.html,https://www.edeka24.de/out/pictures/generated/product/1/540_540_90/houdekkabanosklass.jpg
1386,Lebensmittel,Frühstück & Snacks,Wurst & Schinken,BiFi Original Minisalami 6ST 135G,"2,99 €","22,15 €/kg","inkl. MwSt., zzgl. 4.95 € Versandkosten.",lieferbar innerhalb von 2-5 Werktagen,2023-05-03 00:10:09.362772,Minisalami,,"Verantwortliches Lebensmittelunternehmen:
LSI-Germany GmbH, Eyber Str. 81 91522 Ansbach","Zutatenverzeichnis: Schweinefleisch, Rindfleisch, jodiertes Speisesalz (Speisesalz, Kaliumiodat), Dextrose, Gewürze (Pfeffer, Koriander, Knoblauch), Antioxidationsmittel (Natriumascorbat), Konservierungsstoff (Natriumnitrit), Buchenholzrauch. 100 g Minisalami werden hergestellt aus 160 g Schweine- und Rindfleisch (der Gewichtsverlust entsteht durch Wasserverlust beim Räuchern).",2107,509,45,19,1,"0,9",25,"4,2",https://www.edeka24.de/Lebensmittel/Fruehstueck-Snacks/Wurst-Schinken/BiFi-Original-Minisalami-6ST-135G.html,https://www.edeka24.de/out/pictures/generated/product/1/540_540_90/bifi_original_minisalami_6x_225g.jpg
1387,Lebensmittel,Frühstück & Snacks,Wurst & Schinken,Houdek Kabanos Käse 150G,"2,99 €","19,93 €/kg","inkl. MwSt., zzgl. 4.95 € Versandkosten.",lieferbar innerhalb von 2-5 Werktagen,2023-05-03 00:10:12.689455,Heißgeräucherte Salamispezialität,Hinweis zur Aufbewahrung: Nach dem Öffnen auch gekühlt nur begrenzt haltbar.,"Verantwortliches Lebensmittelunternehmen:
Rudolf und Robert Houdek GmbH, 82319 Starnberg","Zutatenverzeichnis: Schweinefleisch, HARTKÄSE (aus Heumilch g.t.S.)* 45% Fett i.Tr., jodiertes Speisesalz (Speisesalz, Kaliumiodat), Gewürze, getrockneter Glucosesirup, Zucker, Dextrose, Antioxidationsmittel: Natriumascorbat, Ascorbinsäure; Konservierungsstoff: Natriumnitrit, Naturdarm (Schwein),Buchenholzrauch. Kann Spuren von SENF und SELLERIE enthalten. *mit Rohmilch hergestellt 100g sind hergestellt aus 100g Schweinefleisch und 19g HARTKÄSE.",1283,309,24,11,2,"1,5",21,"2,5",https://www.edeka24.de/Lebensmittel/Fruehstueck-Snacks/Wurst-Schinken/Houdek-Kabanos-Kaese-150G.html,https://www.edeka24.de/out/pictures/generated/product/1/540_540_90/houdek_kabanos_kse_150g.jpg
1388,Lebensmittel,Frühstück & Snacks,Wurst & Schinken,Schwarzwaldhof Schwarzwälder Schinken Vesperscheibe 350G,"7,49 €","21,40 €/kg","inkl. MwSt., zzgl. 4.95 € Versandkosten.",lieferbar innerhalb von 2-5 Werktagen,2023-05-03 00:10:15.665898,Original Schwarzwälder Schinken,,"Verantwortliches Lebensmittelunternehmen:
Schwarzwaldhof Fleisch und Wurstwaren GmbH, Waldshuter Straße 37, 78176 Blumberg","Zutatenverzeichnis: Schweinefleisch, Speisesalz, Zucker, Dextrose, Gewürze, Gewürzextrakte, Konservierungsstoff: Natriumnitrit, Reifekulturen, Rauch",1014,243,15,6,1,"0,3",26,"4,5",https://www.edeka24.de/Lebensmittel/Fruehstueck-Snacks/Wurst-Schinken/Schwarzwaldhof-Schwarzwaelder-Schinken-Vesperscheibe-350G.html,https://www.edeka24.de/out/pictures/generated/product/1/540_540_90/schwarzwaldhof_schwarzwlder_schinken_vesperscheibe.jpg
1389,Lebensmittel,Frühstück & Snacks,Wurst & Schinken,BiFi Roll 3ST 135G,"3,29 €","24,37 €/kg","inkl. MwSt., zzgl. 4.95 € Versandkosten.",lieferbar innerhalb von 2-5 Werktagen,2023-05-03 00:10:20.010927,Weizengebäck mit 45 % Minisalami,,"Verantwortliches Lebensmittelunternehmen:
LSI-Germany GmbH, Eyber Str. 81 91522 Ansbach","Zutatenverzeichnis: Schweinefleisch, WEIZENMEHL, Speck, Palmöl, Zucker, Hefe, jodiertes Speisesalz (Speisesalz, Kaliumiodat), Emulgatoren (Mono- und Diglyceride von Speisefettsäuren, Citronensäureester von Mono- und Diglyceriden von Speisefettsäuren, Mono- und Diacetylweinsäureester von Mono- und Diglyceriden von Speisefettsäuren), WEIZENGLUTEN, MAGERMILCHPULVER, EIGELBPULVER, Dextrose, Stabilisator (Guarkernmehl), Antioxidationsmittel (Natriumascorbat), EIKLARPULVER, Backtriebmittel (Calciumcarbonat, Calciumphosphate), Gewürze (Pfeffer, Koriander, Knoblauchpulver), Rapsöl, Aromen, Speisesalz, Buchenholzrauch.",1912,459,31,14,31,"3,6",14,"2,3",https://www.edeka24.de/Lebensmittel/Fruehstueck-Snacks/Wurst-Schinken/BiFi-Roll-3ST-135G.html,https://www.edeka24.de/out/pictures/generated/product/1/540_540_90/bifi_roll_3x45g.jpg
1390,Lebensmittel,Frühstück & Snacks,Wurst & Schinken,EDEKA Bio Salami Sticks 60G,"2,59 €","43,17 €/kg","inkl. MwSt., zzgl. 4.95 € Versandkosten.",lieferbar innerhalb von 2-5 Werktagen,2023-05-03 00:10:23.673875,"Edelschimmelgereifte Salami,. luftgetrocknet",,"Verantwortliches Lebensmittelunternehmen:
EDEKA ZENTRALE Stiftung & Co. KG, D-22291 Hamburg","Zutatenverzeichnis: Schweinefleisch*, Meersalz, Traubenzucker*, Gewürze*, Antioxidationsmittel: Natriumascorbat; Konservierungsstoff: Natriumnitrit; Reifekulturen, essbare Hülle aus Rinderkollagen. *aus kontrolliert ökologischer Landwirtschaft 100g Salami werden hergestellt aus 194g Schweinefleisch.",2103,507,41,"16,6",1,1,33,4,https://www.edeka24.de/Lebensmittel/Fruehstueck-Snacks/Wurst-Schinken/EDEKA-Bio-Salami-Sticks-60G.html,https://www.edeka24.de/out/pictures/generated/product/1/540_540_90/bio_edeka_salami_sticks_classic_60g.jpg
1391,Lebensmittel,Frühstück & Snacks,Wurst & Schinken,Schwarzwaldhof Landjäger 6 Paar 480G,"8,49 €","17,69 €/kg","inkl. MwSt., zzgl. 4.95 € Versandkosten.",lieferbar innerhalb von 2-5 Werktagen,2023-05-03 00:10:27.542262,,,"Verantwortliches Lebensmittelunternehmen:
EDEKA ZENTRALE Stiftung & Co. KG, D-22291 Hamburg","Zutatenverzeichnis: Schweinefleisch, Speisesalz, Dextrose, Gewürze, Würze, Aroma, Hefe, Säuerungsmittel: E575, färbendes Rote Bete-Saftkonzentrat, Antioxidationsmittel: Ascorbinsäure, Konservierungsstoff: Natriumnitrit, gefärbte essbare Hülle aus Rinderkollagen (Farbstoff E160a,c und E150c), Reifekulturen, Rauch. Kann Spuren enthalten von: SENF und NÜSSEN.",1848,446,g,g,g,g,g,g,https://www.edeka24.de/Lebensmittel/Fruehstueck-Snacks/Wurst-Schinken/Schwarzwaldhof-Landjaeger-6-Paar-480G.html,https://www.edeka24.de/out/pictures/generated/product/1/540_540_90/schwarzwaldhof_landjger_6_paar.jpg
1392,Lebensmittel,Frühstück & Snacks,Wurst & Schinken,Schwarzwaldhof Beef Edition Landjäger aus Rindfleisch 75G,"1,99 €","26,53 €/kg","inkl. MwSt., zzgl. 4.95 € Versandkosten.",lieferbar innerhalb von 2-5 Werktagen,2023-05-03 00:10:30.564448,,,"Verantwortliches Lebensmittelunternehmen:
Schwarzwaldhof Fleisch- und Wurstwaren GmbH, Waldshuter Str. 37, 78176 Blumberg","Zutatenverzeichnis: Rindfleisch, Speisesalz, Kümmel, Säuerungsmittel: E575, Dextrose, Gewürze, Hefe, Antioxidationsmittel: E300, Würze, Aroma, Gewürzextrakte, Glucosesirup, Stabilisatoren: Natriumacetat und Natriumcitrate, Antioxidationsmittel: Natriumascorbat, Konservierungsstoff: natriumnitrit, essbare Hülle aus Rinderkollagen, Reifekulturen, Rauch. Kann Spuren von SENF und NÜSSEN enthalten.",465,1943,35,15,4,"1,5",30,4,https://www.edeka24.de/Lebensmittel/Fruehstueck-Snacks/Wurst-Schinken/Schwarzwaldhof-Beef-Edition-Landjaeger-aus-Rindfleisch-75G.html,https://www.edeka24.de/out/pictures/generated/product/1/540_540_90/schwarzwaldhof_beef_edition_landjger_aus_rindfleisch_75g.jpg
1393,Lebensmittel,Frühstück & Snacks,Wurst & Schinken,Schwarzwaldhof Vesperspeck 175G,"4,79 €","27,37 €/kg","inkl. MwSt., zzgl. 4.95 € Versandkosten.",lieferbar innerhalb von 2-5 Werktagen,2023-05-03 00:10:33.729421,Rohschinken geräuchert,,"Verantwortliches Lebensmittelunternehmen:
Schwarzwaldhof Fleisch- und Wurstwaren GmbH, Waldshuterstr. 37 78176 Blumberg","Zutatenverzeichnis: Schweinefleisch, Speisesalz, Zucker, Dextrose, Gewürze, Gewürzextrakte, Konservierungsstoff: Natriumnitrit, Reifekulturen, Rauch.",423,1754,35,26,1,"0,1",26,"4,5",https://www.edeka24.de/Lebensmittel/Fruehstueck-Snacks/Wurst-Schinken/Schwarzwaldhof-Vesperspeck-175G.html,https://www.edeka24.de/out/pictures/generated/product/1/540_540_90/schwarzwaldhof_vesperspeck_175g.jpg
1394,Lebensmittel,Frühstück & Snacks,Wurst & Schinken,Schwarzwaldhof Bio Landjäger 150G,"3,79 €","25,27 €/kg","inkl. MwSt., zzgl. 4.95 € Versandkosten.",lieferbar innerhalb von 2-5 Werktagen,2023-05-03 00:10:37.940141,-,Hinweis zur Aufbewahrung: Produkt ist ungekühlt haltbar.,"Verantwortliches Lebensmittelunternehmen:
Schwarzwaldhof Fleisch und Wurstwaren GmbH, Waldshuterstraße 37 78176 Blumberg","Zutatenverzeichnis: Schweinefleisch*, Schweinespeck*, Rindfleisch*, jodiertes Speisesalz, Dextrose*, Gewürze*, Gewürzextrakte, Antioxidationsmittel: Natriumascorbat, Konservierungsstoff: Natriumnitrit, essbare Hülle aus Rinderkollagen, Reifekulturen, Rauch, * aus kontrolliert ökologischer Landwirtschaft 100g Landjäger wurden aus 160g Schweine- und Rindfleisch hergestellt.",2050,495,43,"17,5",1,"0,5",26,"4,2",https://www.edeka24.de/Lebensmittel/Fruehstueck-Snacks/Wurst-Schinken/Schwarzwaldhof-Bio-Landjaeger-150G.html,https://www.edeka24.de/out/pictures/generated/product/1/540_540_90/bio_swh_landjaeger_2x75g.jpg
1395,Lebensmittel,Frühstück & Snacks,Wurst & Schinken,Pick Original Ungarische Salami 400G,"10,49 €","26,23 €/kg","inkl. MwSt., zzgl. 4.95 € Versandkosten.",lieferbar innerhalb von 2-5 Werktagen,2023-05-03 00:10:41.893599,"Ungarische Salami Spitzenqualität, geräuchert",Hinweis zur Aufbewahrung: Kühl und trocken aufbewahren. Vor Verzehr Wursthülle entfernen.,"Verantwortliches Lebensmittelunternehmen:
PICK Deutschland GmbH, An der Alten Ziegelei 1, 40789 Monheim","Zutatenverzeichnis: Schweinefleisch, Schweinespeck, Speisesalz, Gewürze, Zucker, Konservierungsstoff: Natriumnitrit (E250), Rauch. Vor Verzehr Wursthülle entfernen. 100 g Salami werden aus 159 g Schweinefleisch hergestellt.",2167,524,47,19,"0,5","0,5",25,"4,2",https://www.edeka24.de/Lebensmittel/Fruehstueck-Snacks/Wurst-Schinken/Pick-Original-Ungarische-Salami-400G.html,https://www.edeka24.de/out/pictures/generated/product/1/540_540_90/pick_original_ungarische_salami_tourist_400g.jpg
1396,Lebensmittel,Frühstück & Snacks,Wurst & Schinken,Aoste Edel-Salami 225G,"6,29 €","27,96 €/kg","inkl. MwSt., zzgl. 4.95 € Versandkosten.",lieferbar innerhalb von 2-5 Werktagen,2023-05-03 00:10:45.234834,Luftgetrocknete Edel-Salami,Hinweis zur Aufbewahrung: Vor Hitze schützen und trocken lagern. Nach dem Öffnen innerhalb kurzer Zeit verzehren.,"Verantwortliches Lebensmittelunternehmen:
Aoste SNC, Hameau de Saint Didier - RD 591 - 38490 Aoste - France","Zutatenverzeichnis: Schweinefleisch, Salz, LAKTOSE, Dextrose, Zucker, Gewürze, Konservierungsstoffe: Kaliumnitrat, Natriumnitrit; Starterkulturen. Salami-Hülle nicht essbar. Bitte vor Verzehr entfernen. Kann Spuren von SCHALENFRÜCHTEN und MILCHEIWEIßEN enthalten. 100 g Salami werden aus 160 g Schweinefleisch hergestellt.",445,1845,37,15,2,"1,5",26,5,https://www.edeka24.de/Lebensmittel/Fruehstueck-Snacks/Wurst-Schinken/Aoste-Edel-Salami-225G.html,https://www.edeka24.de/out/pictures/generated/product/1/540_540_90/aoste_edelsalami(1).jpg
1397,Lebensmittel,Frühstück & Snacks,Wurst & Schinken,BiFi Roll Turkey 3x 45G,"2,60 €","19,26 €/kg","inkl. MwSt., zzgl. 4.95 € Versandkosten.",lieferbar innerhalb von 2-5 Werktagen (geringer Lagerbestand),2023-05-03 00:10:48.452265,Weizengebäck mit 50 % geräucherter Puten-Brühwurst,,"Verantwortliches Lebensmittelunternehmen:
LSI-Germany GmbH, Eyber Str. 81 91522 Ansbach","Zutatenverzeichnis: WEIZENMEHL, Putenfleisch, Putenfett mit Haut, Palmöl, Zucker, Hefe, jodiertes Speisesalz (Speisesalz, Kaliumiodat), Emulgatoren (Mono- und Diglyceride von Speisefettsäuren, Citronensäureester von Mono- und Diglyceriden von Speisefettsäuren, Mono- und Diacetylweinsäureester von Mono- und Diglyceriden von Speisefettsäuren), WEIZENGLUTEN, MAGERMILCHPULVER, Gewürze (Pfeffer, Knoblauchpulver), Aromen, EIGELBPULVER, Rapsöl, Säuerungsmittel (Citronensäure, Ascorbinsäure), Dextrose, Stabilisatoren (Triphosphate, Polyphosphate, Guarkernmehl), EIKLARPULVER, Backtriebmittel (Calciumcarbonat), Speisesalz, Konservierungsstoff (Natriumnitrit), Buchenholzrauch.",2155,520,"45,2",20,"1,7","1,6","26,7","4,1",https://www.edeka24.de/Lebensmittel/Fruehstueck-Snacks/Wurst-Schinken/BiFi-Roll-Turkey-3x-45G.html,https://www.edeka24.de/out/pictures/generated/product/1/540_540_90/bifirollturkey.jpg
1398,Lebensmittel,Frühstück & Snacks,Wurst & Schinken,Aoste Kordel-Salami luftgetrocknet 250G,"6,29 €","25,16 €/kg","inkl. MwSt., zzgl. 4.95 € Versandkosten.",lieferbar innerhalb von 2-5 Werktagen,2023-05-03 00:10:51.695954,-,Hinweis zur Aufbewahrung: Vor Hitze schützen und trocken lagern. Nach dem Öffnen innerhalbkurzer Zeit verzehren.,"Verantwortliches Lebensmittelunternehmen:
Aoste SNC, Hameau de St. Didier, RD 502 - 38490 Aoste - France","Zutatenverzeichnis: Schweinefleisch, Salz, LAKTOSE, Dextrose, Zucker, Gewürze, Konservierungsstoffe: Kaliumnitrat, Natriumnitrit; Starterkulturen. Salami-Hülle nicht essbar. Bitte vor Verzehr entfernen. Kann Spuren von SCHALENFRÜCHTEN und MiILCHEIWEIßEN enthalten. 100 g Salami werden aus155 g Schweinefleisch hergestellt.",1845,445,37,15,2,"1,5",26,5,https://www.edeka24.de/Lebensmittel/Fruehstueck-Snacks/Wurst-Schinken/Aoste-Kordel-Salami-luftgetrocknet-250G.html,https://www.edeka24.de/out/pictures/generated/product/1/540_540_90/aoste_kordelsalami.jpg
1399,Lebensmittel,Frühstück & Snacks,Wurst & Schinken,Aoste Stickado Pikant 70G,"2,69 €","38,43 €/kg","inkl. MwSt., zzgl. 4.95 € Versandkosten.",lieferbar innerhalb von 2-5 Werktagen,2023-05-03 00:10:55.080703,Original französische luftgetrocknete Mini-Salamis mit 3% Paprika und Chili.,Hinweis zur Aufbewahrung: Vor Hitze schützen und trocken lagern. Nach dem Öffnen innerhalb kurzer Zeit verzehren.,"Verantwortliches Lebensmittelunternehmen:
Aoste SNC, Hameau de Saint Didier - RD 592 - 38490 Aoste - France","Zutatenverzeichnis: Schweinefleisch, LAKTOSE, Salz, Gewürze (3% Paprika und Chili), Dextrose, Aromen, Raucharoma, Antioxidationsmittel: Isoascorbinsäure, Konservierungsstoff: Natriumnitrit, Starterkulturen. Essbare Hülle: Rinderkollagen, Zellulose. Kann Spuren von Schalenfrüchten und Milcheiweißen enthalten. 100 g Salami werden aus 170 g Schweinefleisch hergestellt.",2098,506,42,17,4,2,28,"4,4",https://www.edeka24.de/Lebensmittel/Fruehstueck-Snacks/Wurst-Schinken/Aoste-Stickado-Pikant-70G.html,https://www.edeka24.de/out/pictures/generated/product/1/540_540_90/aoste_stickado_pikant.jpg
1400,Lebensmittel,Frühstück & Snacks,Wurst & Schinken,Aoste Stickado Classique 70G,"2,69 €","38,43 €/kg","inkl. MwSt., zzgl. 4.95 € Versandkosten.",lieferbar innerhalb von 2-5 Werktagen,2023-05-03 00:10:59.629407,Original französische luftgetrocknete Mini-Salamis.,Hinweis zur Aufbewahrung: Vor Hitze schützen und trocken lagern. Nach dem Öffnen innerhalb kurzer Zeit verzehren.,"Verantwortliches Lebensmittelunternehmen:
Aoste SNC, Hameau de St. Didier, RD 502 - 38490 Aoste - France","Zutatenverzeichnis: Schweinefleisch, Salz, LAKTOSE, Dextrose, Gewürze, Antioxidationsmittel: Ascorbinsäure, Konservierungsstoff: Natriumnitrit, Starterkulturen. Essbare Hülle: Natriumalginat, Zellulose, Rinderkollagen. Kann Spuren von SCHALENFRÜCHTEN und MILCHEIWEIßen enthalten. 100g Salami werden aus 180 g Schweinefleisch hergestellt.",2198,530,44,18,"4,1","3,2",29,5,https://www.edeka24.de/Lebensmittel/Fruehstueck-Snacks/Wurst-Schinken/Aoste-Stickado-Classique-70G.html,https://www.edeka24.de/out/pictures/generated/product/1/540_540_90/aoste_stickado_classique.jpg
1401,Lebensmittel,Frühstück & Snacks,Wurst & Schinken,Bio Alnatura Mini Wiener vegan 170G,"2,89 €","17,00 €/kg","inkl. MwSt., zzgl. 4.95 € Versandkosten.",lieferbar innerhalb von 2-5 Werktagen,2023-05-03 00:11:04.197216,Bio Würstchen aus Seitan und Tofu,,"Verantwortliches Lebensmittelunternehmen:
Alnatura GmbH Mahatma-Gandhi-Straße 7, 64295 Darmstadt","Zutatenverzeichnis: SEITAN* 47% (Wasser, WEIZENEIWEIß*), TOFU* 31% (SOJABOHNEN*, Wasser), Sonnenblumenöl*, Paprika*, Meersalz, Gewürze*, Rohrohrzucker*, Verdickungsmittel: Johannisbrotkernmehl*, Tomatenmark* 0,2%, Koriander*, Sellerie* *aus biologischer Landwirtschaft .",1083,259,15,"1,9","4,1","2,9",26,"2,2",https://www.edeka24.de/Lebensmittel/Fruehstueck-Snacks/Wurst-Schinken/Bio-Alnatura-Mini-Wiener-vegan-170G.html,https://www.edeka24.de/out/pictures/generated/product/1/540_540_90/bio_alnatura_mini_wiener_vegan_170g.jpg
1402,Lebensmittel,Frühstück & Snacks,Wurst & Schinken,Aoste Stickado Hot Chili 70G,"2,69 €","38,43 €/kg","inkl. MwSt., zzgl. 4.95 € Versandkosten.",lieferbar innerhalb von 2-5 Werktagen,2023-05-03 00:11:09.616031,"Original französische luftgetrocknete Mini-Salamis mit 0,08% Chili",Hinweis zur Aufbewahrung: Vor Hitze schützen und trocken lagern. Nach dem Öffnen innerhalb kurzer Zeit verzehren.,"Verantwortliches Lebensmittelunternehmen:
Aoste SNC, Hameau de Saint Didier - RD 592 - 38490 Aoste - France","Zutatenverzeichnis: Schweinefleisch, Salz, LAKTOSE, Gewürzmischung, scharfe Chili (0,07%), natürliche Aromen, Dextrose, Raucharoma, Antioxidationsmittel: Natriumascorbat, Konservierungsstoff: Natriumnitrit, Starterkulturen, essbare Hülle: Rinderkollagen, Zellulose. Kann Spuren von SCHALENFRÜCHTEN und MILCHEIWEISS enthalten.",524,2172,44,17,4,2,28,"4,4",https://www.edeka24.de/Lebensmittel/Fruehstueck-Snacks/Wurst-Schinken/Aoste-Stickado-Hot-Chili-70G.html,https://www.edeka24.de/out/pictures/generated/product/1/540_540_90/aoste_stickado_chili_70g.jpg
1403,Lebensmittel,Frühstück & Snacks,Wurst & Schinken,Aoste Stickado Hähnchen 70G,"2,49 €","35,57 €/kg","inkl. MwSt., zzgl. 4.95 € Versandkosten.",lieferbar innerhalb von 2-5 Werktagen,2023-05-03 00:11:13.550010,Original französische luftgetrocknete Mini-Salamis aus Hähnchenfleisch mit 10% Palmfett,Hinweis zur Aufbewahrung: Vor Hitze schützen und trocken lagern. Nach dem Öffnen innerhalb kurzer Zeit verzehren.,"Verantwortliches Lebensmittelunternehmen:
Aoste SNC, Hameau de Saint Didier - RD 592 - 38490 Aoste - France","Zutatenverzeichnis: Hähnchenfleisch, 10% Palmfett, Salz, LAKTOSE, Dextrose, Aromen, Raucharoma, Tomatenpulver, Gewürze, Farbstoff: Betanin, Konservierungsstoffe: Natriumascorbat, Kaliumnitrat, Natriumnitrit, Starterkulturen, essbare Hülle: Natriumalginat, Zellulose, Rinderkollagen. Kann Spuren von SCHALENFRÜCHTEN, MILCHEIWEISS und Schweinefleisch enthalten.",1777,428,32,13,"3,9","3,3",31,"6,1",https://www.edeka24.de/Lebensmittel/Fruehstueck-Snacks/Wurst-Schinken/Aoste-Stickado-Haehnchen-70G.html,https://www.edeka24.de/out/pictures/generated/product/1/540_540_90/aoste_stickado_hhnchen.jpg
1404,Lebensmittel,Frühstück & Snacks,Wurst & Schinken,Houdek Kabanos Klassik 250G,"5,79 €","23,16 €/kg","inkl. MwSt., zzgl. 4.95 € Versandkosten.",lieferbar innerhalb von 2-5 Werktagen,2023-05-03 00:11:16.985214,Heißgeräucherte Salamispezialität,Hinweis zur Aufbewahrung: Gelagert bei Raumtemperatur zu verbrauchen bis: siehe Andruck Etikett,"Verantwortliches Lebensmittelunternehmen:
Rudolf und Robert Houdek GmbH, 82319 Starnberg","Zutatenverzeichnis: Schweinefleisch, jodiertes Speisesalz (Speisesalz, Kaliumiodat), Gewürze, getrockneter Glucosesirup, Geschmacksverstärker: Mononatriumglutamat, Dextrose, Zucker, Antioxidationsmittel: Ascorbinsäure, Konservierungsstoff: Natriumnitrit, Naturdarm (Schwein), Buchenholzrauch. Kann Spuren von MILCH, SENF und SELLERIE enthalten.",297,1232,24,10,"1,5",1,"18,5","2,9",https://www.edeka24.de/Lebensmittel/Fruehstueck-Snacks/Wurst-Schinken/Houdek-Kabanos-Klassik-250G.html,https://www.edeka24.de/out/pictures/generated/product/1/540_540_90/houdekkabanos.jpg
1405,Lebensmittel,Frühstück & Snacks,Wurst & Schinken,Schwarzwaldhof Chili-Beißer 150G,"3,99 €","26,60 €/kg","inkl. MwSt., zzgl. 4.95 € Versandkosten.",lieferbar innerhalb von 2-5 Werktagen,2023-05-03 00:11:20.865598,-,,"Verantwortliches Lebensmittelunternehmen:
EDEKA ZENTRALE Stiftung & Co. KG, D-22291 Hamburg","Zutatenverzeichnis: Schweinefleisch, jodiertes Speisesalz, Dextrose, Gewürze, Gewürzextrakte, Chili, Paprika, Würze, Antioxidationsmittel: E301 (Natriumascorbat), Konservierungsstoff: E250 (Natriumnitrit), essbare Hülle aus Rinderkollagen, Reifekulturen, Rauch.",356,1478,28,12,1,"0,5",25,"3,9",https://www.edeka24.de/Lebensmittel/Fruehstueck-Snacks/Wurst-Schinken/Schwarzwaldhof-Chili-Beisser-150G.html,https://www.edeka24.de/out/pictures/generated/product/1/540_540_90/schwarzwaldhof_hllentaler_pfefferbeier_chili_150_g.jpg
1406,Lebensmittel,Frühstück & Snacks,Wurst & Schinken,BiFi Veggie Roll 2x40G,"2,19 €","27,38 €/kg","inkl. MwSt., zzgl. 4.95 € Versandkosten.",lieferbar innerhalb von 2-5 Werktagen,2023-05-03 00:11:24.445037,Weizengebäck mit 50% vegetarischem Erzeugnis nach Art einer Salami auf Basis von Weizen gegart.,,"Verantwortliches Lebensmittelunternehmen:
BiFi Snacks LSI - Germany GmbH Eyber Str. 81 D - 91522 Ansbach","Zutatenverzeichnis: Mehl (WEIZEN, ROGGEN, ROGGENMALZ, WEIZENMALZ) 35%, Wasser, Rapsöl, WEIZENEIWEIß 6,8%, Palmöl, HÜHNEREIWEIßPULVER, Zucker, Feuchthaltemittel (Glycerin), jodiertes Speisesalz (Speisesalz, Kaliumiodat), Hefe, Kartoffelstärke, MAGERMILCHPULVER, Emulgatoren (Mono- und Diglyceride von Speisefettsäuren, Citronensäureester von Mono- und Diglyceriden von Speisefettsäuren, Mono- und Diacetylweinsäureester von Mono- und Diglyceriden von Speisefettsäuren), Karamellzucker, Gewürze, Kräuter, Erbseneiweiß, Verdickungsmittel (Carrageen, Guarkernmehl), HÜHNEREIGELBPULVER, Säureregulatoren (Milchsäure, Citronensäure, Ascorbinsäure), Maltodextrin, Isomaltulose*, Hefeextrakt, Aromen, Raucharoma, Farbstoffe (Carotin, Eisenoxide), Aromaextrakte, Backtriebmittel (Calciumcarbonat). *Isomaltulose ist eine Glukose- und Fruktosequelle.",1623,389,22,"4,6",33,"3,2",13,"2,1",https://www.edeka24.de/Lebensmittel/Fruehstueck-Snacks/Wurst-Schinken/BiFi-Veggie-Roll-2x40G.html,https://www.edeka24.de/out/pictures/generated/product/1/540_540_90/bifi_veggie_roll_2x40g.jpg
1407,Lebensmittel,Frühstück & Snacks,Wurst & Schinken,Bio Alnatura Vegetarische Bratwürstchen 250G,"3,29 €","13,16 €/kg","inkl. MwSt., zzgl. 4.95 € Versandkosten.",lieferbar innerhalb von 2-5 Werktagen,2023-05-03 00:11:28.167983,Bio Bratwürstchen aus Seitan und Tofu,,"Verantwortliches Lebensmittelunternehmen:
Alnatura GmbH Mahatma-Gandhi-Straße 7, 64295 Darmstadt","Zutatenverzeichnis: SEITAN* 48% (Wasser, WEIZENEIWEIß*), TOFU* 39% (SOJABOHNEN*, Wasser), Sonnenblumenöl*, Meersalz, Gewürze*, Rohrohrzucker*, Verdickungsmittel: Johannisbrotkernmehl*, SELLERIE*, Knoblauch*, Koriander* *aus biologischer Landwirtschaft .",1059,254,14,"2,3","2,4","2,2",28,"1,8",https://www.edeka24.de/Lebensmittel/Fruehstueck-Snacks/Wurst-Schinken/Bio-Alnatura-Vegetarische-Bratwuerstchen-250G.html,https://www.edeka24.de/out/pictures/generated/product/1/540_540_90/bio_alnatura_vegetarische_bratwamp252rstchen_250g.jpg
1408,Lebensmittel,Frühstück & Snacks,Wurst & Schinken,BiFi 100% Turkey 5x 20G,"2,99 €","29,90 €/kg","inkl. MwSt., zzgl. 4.95 € Versandkosten.",lieferbar innerhalb von 2-5 Werktagen,2023-05-03 00:11:33.945156,Geflügel-Minisalami mit pflanzlichem Fett und Öl,,"Verantwortliches Lebensmittelunternehmen:
LSI-Germany GmbH, BiFi Snacks LSI-Germany GmbH Eyber Str. 81 91522 Ansbach","Zutatenverzeichnis: Putenfleisch, Palmfett, jodiertes Speisesalz (Speisesalz, Kaliumjodat), Rapsöl, Dextrose, Gewürze (Pfeffer, Koriander, Knoblauchpulver), Antioxidationsmittel (Natriumascorbat), Konservierungsstoff (Natriumnitrit), Buchenholzrauch.",2094,506,"45,2",20,"1,7","1,6","26,7","4,1",https://www.edeka24.de/Lebensmittel/Fruehstueck-Snacks/Wurst-Schinken/BiFi-100-Turkey-5x-20G.html,https://www.edeka24.de/out/pictures/generated/product/1/540_540_90/bifi_100_turkey(1).jpg
1409,Lebensmittel,Frühstück & Snacks,Wurst & Schinken,BiFi Salamibrot 2x55G,"3,19 €","29,00 €/kg","inkl. MwSt., zzgl. 4.95 € Versandkosten.",lieferbar innerhalb von 2-5 Werktagen,2023-05-03 00:11:40.722069,Salamibrot,,"Verantwortliches Lebensmittelunternehmen:
LSI-Germany GmbH Eyber Str. 81 91522 Ansbach","Zutatenverzeichnis: Mehl (WEIZEN, ROGGEN, ROGGENMALZ, WEIZENMALZ), Schweinefleisch, Speck, Wasser, pflanzliche Öle (Palmöl, Rapsöl), Zucker, Hefe, WEIZENGLUTEN, jodiertes Speisesalz (Speisesalz, Kaliumiodat), Emulgatoren (Mono- und Diglyceride von Speisefettsäuren, Citronensäureester von Mono- und Diglyceriden von Speisefettsäuren, Mono- und Diacetylweinsäureester von Mono- und Diglyceriden von Speisefettsäuren), MAGERMILCHPULVER, Kartoffelstärke, EIKLARPULVER, EIGELBPULVER, Karamellzucker, Dextrose, Gewürze, Maltodextrin, Farbstoff (Carotin), Säureregulator (Ascorbinsäure, Citronensäure), Backtriebmittel (Calciumcarbonat), Stabilisator (Guarkernmehl), Aromen, Antioxidationsmittel (Natriumascorbat, Extrakt aus Rosmarin), Konservierungsstoff (Kaliumsorbat, Natriumnitrit), Buchenholzrauch.",1625,390,"23,8","10,4","29,5","4,3","12,3","1,8",https://www.edeka24.de/Lebensmittel/Fruehstueck-Snacks/Wurst-Schinken/BiFi-Salamibrot-2x55G.html,https://www.edeka24.de/out/pictures/generated/product/1/540_540_90/bifisalamibrot.jpg
1410,Lebensmittel,Frühstück & Snacks,Wurst & Schinken,BiFi Beef Original 4x20G,"3,29 €","41,13 €/kg","inkl. MwSt., zzgl. 4.95 € Versandkosten.",lieferbar innerhalb von 2-5 Werktagen,2023-05-03 00:11:48.019776,Rindfleisch Minisalami,,"Verantwortliches Lebensmittelunternehmen:
LSI-Germany GmbH, Eyber Str. 81 91522 Ansbach","Zutatenverzeichnis: Rindfleisch, Rinderfett, jodiertes Speisesalz (Speisesalz, Kaliumiodat), Dextrose, Zwiebelpulver, Pfeffer, Knoblauch, Antioxidationsmittel (Natriumascorbat), Konservierungsstoff (Natriumnitrit), Buchenholzrauch. 100 g Minisalami werden hergestellt aus 160 g Rindfleisch und Rinderfett (der Gewichtsverlust entsteht durch Wasserverlust beim Räuchern).",2124,513,45,20,2,"0,1",25,"4,1",https://www.edeka24.de/Lebensmittel/Fruehstueck-Snacks/Wurst-Schinken/BiFi-Beef-Original-4x20G.html,https://www.edeka24.de/out/pictures/generated/product/1/540_540_90/bifi_beef_original_4x20g.jpg
1411,Lebensmittel,Würzmittel & Brühen,Öle,Bertolli Natives Olivenöl Extra Originale 500ML,"7,49 €","14,98 €/l","inkl. MwSt., zzgl. 4.95 € Versandkosten.",lieferbar innerhalb von 2-5 Werktagen,2023-05-03 00:11:51.740776,Natives Olivenöl Extra - Erste Güteklasse - direkt aus Oliven ausschließlich mit mechanischen Verfahren gewonnen.,Hinweis zur Aufbewahrung: Dunkel und idealerweise zwischen 15° C und 20° C aufbewahren.,"Verantwortliches Lebensmittelunternehmen:
Bertolli, Via Leonardo da Vinci 31; 50028 Tavarnelle Val di Pesa (FI); Italien",,3378,822,91,14,0,0,0,0,https://www.edeka24.de/index.php?cl=details&anid=c284d997dae6a40c2.02081511&emcs0=3&emcs1=Kategorieseite%20-%20Topseller&emcs2=&emcs3=129325006,https://www.edeka24.de/out/pictures/generated/product/1/540_540_90/bertolli-natives-olivenl-extra.jpg
1412,Lebensmittel,Würzmittel & Brühen,Öle,Alnatura Origin Bio Natives Olivenöl Extra 500ML,"7,99 €","15,98 €/l","inkl. MwSt., zzgl. 4.95 € Versandkosten.",lieferbar innerhalb von 2-5 Werktagen,2023-05-03 00:11:55.962387,-,Hinweis zur Aufbewahrung: Vor Wärme und direktem Sonnenlicht schützen.,"Verantwortliches Lebensmittelunternehmen:
Alnatura Produktions- und Handels GmbH, Mahatma-Gandhi-Str. 7, 64295 Darmstadt",,3404,828,92,13,"0,5","0,5","0,5","0,01",https://www.edeka24.de/index.php?cl=details&anid=65f3ec9b27bffcddb3c3ac936b4e64a6&emcs0=3&emcs1=Kategorieseite%20-%20Topseller&emcs2=&emcs3=3027349006,https://www.edeka24.de/out/pictures/generated/product/1/540_540_90/alnatura_bio_natives_olivenl_extra.jpg
1413,Lebensmittel,Würzmittel & Brühen,Öle,Brändle Vita Rapsöl 750ML,"3,79 €","5,05 €/l","inkl. MwSt., zzgl. 4.95 € Versandkosten.",lieferbar innerhalb von 2-5 Werktagen,2023-05-03 00:12:00.340106,-,Hinweis zur Aufbewahrung: Nach dem Öffnen kühl und dunkel aufbewahren.,"Verantwortliches Lebensmittelunternehmen:
P.Brändle GmbH, Robert-Bosch-Str.10, 72186 Empfingen",Zutatenverzeichnis: Rapsöl,828,3404,92,7,0,0,0,0,https://www.edeka24.de/index.php?cl=details&anid=DwrIZl3tlianjwhGWBzBEd-1&emcs0=3&emcs1=Kategorieseite%20-%20Topseller&emcs2=&emcs3=194164007,https://www.edeka24.de/out/pictures/generated/product/1/540_540_90/braendle_rapsoel_750ml_.jpg
1414,Lebensmittel,Würzmittel & Brühen,Öle,Brändle Vita Avocadoöl kaltgepresst 250ML,"8,49 €","33,96 €/l","inkl. MwSt., zzgl. 4.95 € Versandkosten.",lieferbar innerhalb von 2-5 Werktagen,2023-05-03 00:12:04.230212,-,Hinweis zur Aufbewahrung: Kühl und dunkel lagern.,"Verantwortliches Lebensmittelunternehmen:
P. Brändle GmbH Ölmühle - Speiseölgroßhandel, Robert-Bosch-Str. 10, 72186 Empfingen",,828,3404,92,17,0,0,0,0,https://www.edeka24.de/index.php?cl=details&anid=0256de2b4228c7c72a148e03a7f203fa&emcs0=3&emcs1=Kategorieseite%20-%20Topseller&emcs2=&emcs3=3548616005,https://www.edeka24.de/out/pictures/generated/product/1/540_540_90/brndlevitaavocadol.jpg
1415,Lebensmittel,Würzmittel & Brühen,Öle,Alnatura Bio Italienisches Olivenöl Nativ Extra 500ML,"8,99 €","17,98 €/l","inkl. MwSt., zzgl. 4.95 € Versandkosten.",lieferbar innerhalb von 2-5 Werktagen,2023-05-03 00:12:07.841913,-,Hinweis zur Aufbewahrung: Vor Licht und Wärme geschützt aufbewahren.,"Verantwortliches Lebensmittelunternehmen:
Alnatura GmbH, Mahatma-Gandhi-Straße 7, 64295 Darmstadt",,3367,819,91,15,"0,5","0,5","0,5","0,01",https://www.edeka24.de/index.php?cl=details&anid=50dd3d4bb5ccf9ec2967a2b340dc2e77&emcs0=3&emcs1=Kategorieseite%20-%20Topseller&emcs2=&emcs3=2969148007,https://www.edeka24.de/out/pictures/generated/product/1/540_540_90/alnatura_bio_italienisches_olivenl_nativ_extra.jpg
1416,Lebensmittel,Würzmittel & Brühen,Öle,EDEKA Bio Natives Olivenöl Extra aus Griechenland 500ML,"6,79 €","13,58 €/l","inkl. MwSt., zzgl. 4.95 € Versandkosten.",lieferbar innerhalb von 2-5 Werktagen,2023-05-03 00:12:11.015797,-,Hinweis zur Aufbewahrung: Vor Licht und Wärme geschützt lagern. Lagerhinweis: Unter +7°C kann Olivenöl ausflocken. Bei Zimmertemperatur wird es ohne Qualitätsverlust wieder klar.,"Verantwortliches Lebensmittelunternehmen:
EDEKA ZENTRALE Stiftung & Co. KG, D-22291 Hamburg",,3389,824,"91,6",14,0,0,0,0,https://www.edeka24.de/Lebensmittel/Wuerzmittel-Bruehen/Oele/EDEKA-Bio-Natives-Olivenoel-Extra-aus-Griechenland-500ML.html,https://www.edeka24.de/out/pictures/generated/product/1/540_540_90/bio_eolivenoel_500ml.jpg
1417,Lebensmittel,Würzmittel & Brühen,Öle,EDEKA Sonnenblumenöl 750ML,"2,29 €","3,05 €/l","inkl. MwSt., zzgl. 4.95 € Versandkosten.",lieferbar innerhalb von 2-5 Werktagen,2023-05-03 00:12:14.719808,-,Hinweis zur Aufbewahrung: Bei Raumtemperatur und lichtgeschützt lagern.,"Verantwortliches Lebensmittelunternehmen:
EDEKA ZENTRALE Stiftung & Co. KG, D-22291 Hamburg",,3404,828,92,53,0,0,0,0,https://www.edeka24.de/Lebensmittel/Wuerzmittel-Bruehen/Oele/EDEKA-Sonnenblumenoel-750ML.html,https://www.edeka24.de/out/pictures/generated/product/1/540_540_90/edeka_sonnenblumenamp246l_750ml.jpg
1418,Lebensmittel,Würzmittel & Brühen,Öle,Alnatura Bio Leinöl Nativ kaltgepresst 250ML,"2,49 €","9,96 €/l","inkl. MwSt., zzgl. 4.95 € Versandkosten.",lieferbar innerhalb von 2-5 Werktagen,2023-05-03 00:12:18.342207,-,Hinweis zur Aufbewahrung: Vor Wärme und direktem Sonnenlicht schützen und nach Anbruch kühl lagern.,"Verantwortliches Lebensmittelunternehmen:
Alnatura Produktions- und Handels GmbH, Mahatma-Gandhi-Str. 7, 64295 Darmstadt",,3441,837,93,10,"0,5","0,5","0,5","0,01",https://www.edeka24.de/Lebensmittel/Wuerzmittel-Bruehen/Oele/Alnatura-Bio-Leinoel-Nativ-kaltgepresst-250ML.html,https://www.edeka24.de/out/pictures/generated/product/1/540_540_90/4104420025929alnaturabioleinlnativ.png
1419,Lebensmittel,Würzmittel & Brühen,Öle,"EDEKA Griechisches Natives Olivenöl Extra g.g.A. Chania 0,5L","5,79 €","11,58 €/l","inkl. MwSt., zzgl. 4.95 € Versandkosten.",lieferbar innerhalb von 2-5 Werktagen,2023-05-03 00:12:21.799400,-,Hinweis zur Aufbewahrung: Vor Licht und Wärme geschützt lagern.,"Verantwortliches Lebensmittelunternehmen:
EDEKA ZENTRALE AG & Co. KG, New York Ring 6, D-22297 Hamburg",,3389,824,"91,6","14,2",0,0,0,0,https://www.edeka24.de/Lebensmittel/Wuerzmittel-Bruehen/Oele/EDEKA-Griechisches-Natives-Olivenoel-Extra-g-g-A-Chania-0-5L.html,https://www.edeka24.de/out/pictures/generated/product/1/540_540_90/edeka_olivenamp246l_extranativ_chania_pgi_500ml.jpg
1420,Lebensmittel,Würzmittel & Brühen,Öle,EDEKA Bio Natives Leinöl 250ML,"1,79 €","7,16 €/l","inkl. MwSt., zzgl. 4.95 € Versandkosten.",lieferbar innerhalb von 2-5 Werktagen,2023-05-03 00:12:24.847903,"natives Leinöl, kaltgepresst",Hinweis zur Aufbewahrung: Bei Raumtemperatur lichtgeschützt lagern.,"Verantwortliches Lebensmittelunternehmen:
EDEKA ZENTRALE Stiftung & Co. KG, D-22291 Hamburg",,3423,833,"92,5",10,0,0,0,"0,03",https://www.edeka24.de/Lebensmittel/Wuerzmittel-Bruehen/Oele/EDEKA-Bio-Natives-Leinoel-250ML.html,https://www.edeka24.de/out/pictures/generated/product/1/540_540_90/bio_edeka_leinamp246l_250ml.jpg
1421,Lebensmittel,Würzmittel & Brühen,Öle,Bertolli Natives Olivenöl Extra Originale 500ML,"7,49 €","14,98 €/l","inkl. MwSt., zzgl. 4.95 € Versandkosten.",lieferbar innerhalb von 2-5 Werktagen,2023-05-03 00:12:28.112642,Natives Olivenöl Extra - Erste Güteklasse - direkt aus Oliven ausschließlich mit mechanischen Verfahren gewonnen.,Hinweis zur Aufbewahrung: Dunkel und idealerweise zwischen 15° C und 20° C aufbewahren.,"Verantwortliches Lebensmittelunternehmen:
Bertolli, Via Leonardo da Vinci 31; 50028 Tavarnelle Val di Pesa (FI); Italien",,3378,822,91,14,0,0,0,0,https://www.edeka24.de/Lebensmittel/Wuerzmittel-Bruehen/Oele/Bertolli-Natives-Olivenoel-Extra-Originale-500ML.html,https://www.edeka24.de/out/pictures/generated/product/1/540_540_90/bertolli-natives-olivenl-extra.jpg
1422,Lebensmittel,Würzmittel & Brühen,Öle,Alnatura Bio Bratöl 750ML,"5,49 €","7,32 €/l","inkl. MwSt., zzgl. 4.95 € Versandkosten.",lieferbar innerhalb von 2-5 Werktagen,2023-05-03 00:12:31.822760,-,Hinweis zur Aufbewahrung: Vor Wärme und direktem Sonnenlicht schützen.,"Verantwortliches Lebensmittelunternehmen:
Alnatura GmbH, Mahatma-Gandhi-Straße 7, 64295 Darmstadt",,3404,828,92,"7,4","0,5","0,5","0,5","0,01",https://www.edeka24.de/Lebensmittel/Wuerzmittel-Bruehen/Oele/Alnatura-Bio-Bratoel-750ML.html,https://www.edeka24.de/out/pictures/generated/product/1/540_540_90/bio_alnatura_bratamp246l_750ml(2).jpg
1423,Lebensmittel,Würzmittel & Brühen,Öle,Brändle Vita Rapsöl 750ML,"3,79 €","5,05 €/l","inkl. MwSt., zzgl. 4.95 € Versandkosten.",lieferbar innerhalb von 2-5 Werktagen,2023-05-03 00:12:35.346399,-,Hinweis zur Aufbewahrung: Nach dem Öffnen kühl und dunkel aufbewahren.,"Verantwortliches Lebensmittelunternehmen:
P.Brändle GmbH, Robert-Bosch-Str.10, 72186 Empfingen",Zutatenverzeichnis: Rapsöl,828,3404,92,7,0,0,0,0,https://www.edeka24.de/Lebensmittel/Wuerzmittel-Bruehen/Oele/Braendle-Vita-Rapsoel-750ML.html,https://www.edeka24.de/out/pictures/generated/product/1/540_540_90/braendle_rapsoel_750ml_.jpg
1424,Lebensmittel,Würzmittel & Brühen,Öle,Mazola Keimöl 750ML,"4,79 €","6,39 €/l","inkl. MwSt., zzgl. 4.95 € Versandkosten.",lieferbar innerhalb von 2-5 Werktagen,2023-05-03 00:12:39.821327,-,Hinweis zur Aufbewahrung: Vor Wärme und Licht geschützt lagern,"Verantwortliches Lebensmittelunternehmen:
Peter Kölln GmbH & Co. KGaA, 25333 Elmshorn, Deutschland","Zutatenverzeichnis: Maiskeimöl, Vitamin E.",828,3404,92,13,0,0,0,0,https://www.edeka24.de/Lebensmittel/Wuerzmittel-Bruehen/Oele/Mazola-Keimoel-750ML.html,https://www.edeka24.de/out/pictures/generated/product/1/540_540_90/mazola.jpg
1425,Lebensmittel,Würzmittel & Brühen,Öle,Alnatura Bio Rapsöl nativ 500ML,"3,19 €","6,38 €/l","inkl. MwSt., zzgl. 4.95 € Versandkosten.",lieferbar innerhalb von 2-5 Werktagen,2023-05-03 00:12:43.189321,-,Hinweis zur Aufbewahrung: Vor Wärme und direktem Sonnenlicht schützen.,"Verantwortliches Lebensmittelunternehmen:
Alnatura Produktions- und Handels GmbH, Mahatma-Gandhi-Str. 7, 64295 Darmstadt",Zutatenverzeichnis: 100% Rapsöl,3367,819,91,6,"0,5","0,5","0,5","0,01",https://www.edeka24.de/Lebensmittel/Wuerzmittel-Bruehen/Oele/Alnatura-Bio-Rapsoel-nativ-500ML.html,https://www.edeka24.de/out/pictures/generated/product/1/540_540_90/bio_alnatura_rapsl_nativ_05l.jpg
1426,Lebensmittel,Würzmittel & Brühen,Öle,Rapsgold Rapsöl Buttergeschmack 750ML,"4,79 €","6,39 €/l","inkl. MwSt., zzgl. 4.95 € Versandkosten.",lieferbar innerhalb von 2-5 Werktagen,2023-05-03 00:12:48.505159,-,,"Verantwortliches Lebensmittelunternehmen:
Teutoburger Ölmühle GmbH, D-49479 Ibbenbüren","Zutatenverzeichnis: Rapsöl, kaltgepresst, mild gedämpft, natürliches Aroma.",3367,819,91,"6,3",0,0,0,"0,03",https://www.edeka24.de/Lebensmittel/Wuerzmittel-Bruehen/Oele/Rapsgold-Rapsoel-Buttergeschmack-750ML.html,https://www.edeka24.de/out/pictures/generated/product/1/540_540_90/rapsgold.jpg
1427,Lebensmittel,Würzmittel & Brühen,Öle,Thomy Sonnenblumenöl 750ML,"4,29 €","5,72 €/l","inkl. MwSt., zzgl. 4.95 € Versandkosten.",lieferbar innerhalb von 2-5 Werktagen,2023-05-03 00:12:52.708250,-,,"Verantwortliches Lebensmittelunternehmen:
Nestlé Deutschland AG, Lyoner Straße 23, D-60528 Frankfurt am Main",Zutatenverzeichnis: 100 % Sonnenblumenöl,828,3404,92,"8,9",0,0,0,"0,01",https://www.edeka24.de/Lebensmittel/Wuerzmittel-Bruehen/Oele/Thomy-Sonnenblumenoel-750ML.html,https://www.edeka24.de/out/pictures/generated/product/1/540_540_90/thomy_sonnenblumenl.jpg
1428,Lebensmittel,Würzmittel & Brühen,Öle,Alnatura Bio Kokosöl nativ 220ML,"3,29 €","14,95 €/l","inkl. MwSt., zzgl. 4.95 € Versandkosten.",lieferbar innerhalb von 2-5 Werktagen,2023-05-03 00:12:57.360067,-,Hinweis zur Aufbewahrung: Vor Wärme und direktem Sonnenlicht schützen. Kann bei Raumtemperatur flüssig werden.,"Verantwortliches Lebensmittelunternehmen:
Alnatura Produktions- und Handels GmbH, Mahatma-Gandhi-Str. 7, 64295 Darmstadt",Zutatenverzeichnis: Kokosöl* *aus biologischer Landwirtschaft.,3404,828,92,87,"0,5","0,5","0,5","0,01",https://www.edeka24.de/Lebensmittel/Wuerzmittel-Bruehen/Oele/Alnatura-Bio-Kokosoel-nativ-220ML.html,https://www.edeka24.de/out/pictures/generated/product/1/540_540_90/bio_alnatura_kokosamp246l_nativ_220ml.jpg
1429,Lebensmittel,Würzmittel & Brühen,Öle,Alnatura Bio Italienisches Olivenöl Nativ Extra 500ML,"8,99 €","17,98 €/l","inkl. MwSt., zzgl. 4.95 € Versandkosten.",lieferbar innerhalb von 2-5 Werktagen,2023-05-03 00:13:00.875084,-,Hinweis zur Aufbewahrung: Vor Licht und Wärme geschützt aufbewahren.,"Verantwortliches Lebensmittelunternehmen:
Alnatura GmbH, Mahatma-Gandhi-Straße 7, 64295 Darmstadt",,3367,819,91,15,"0,5","0,5","0,5","0,01",https://www.edeka24.de/Lebensmittel/Wuerzmittel-Bruehen/Oele/Alnatura-Bio-Italienisches-Olivenoel-Nativ-Extra-500ML.html,https://www.edeka24.de/out/pictures/generated/product/1/540_540_90/alnatura_bio_italienisches_olivenl_nativ_extra.jpg
1430,Lebensmittel,Würzmittel & Brühen,Öle,Albaöl Schwedische Rapsölzubereitung mit Buttergeschmack 750ML,"8,99 €","11,99 €/l","inkl. MwSt., zzgl. 4.95 € Versandkosten.",lieferbar innerhalb von 2-5 Werktagen,2023-05-03 00:13:04.330007,-,,"Verantwortliches Lebensmittelunternehmen:
Taste of Sweden, S-247 24 Dalby","Zutatenverzeichnis: Zutaten: Rapsöl, Emulgator (Zitronensäureester von Mono- u. Diglyceriden von Speisefettsäuren), Aroma, Farbstoff (Beta-Carotin)",3700,900,100,7,0,0,0,0,https://www.edeka24.de/Lebensmittel/Wuerzmittel-Bruehen/Oele/Albaoel-Schwedische-Rapsoelzubereitung-mit-Buttergeschmack-750ML.html,https://www.edeka24.de/out/pictures/generated/product/1/540_540_90/albaamp246l_schwedische_rapsamp246lzubereitung_mit_buttergeschmack_750ml.jpg
1431,Lebensmittel,Würzmittel & Brühen,Öle,"Bertolli Cucina Olivenöl 0,5L","7,49 €","14,98 €/l","inkl. MwSt., zzgl. 4.95 € Versandkosten.",lieferbar innerhalb von 2-5 Werktagen,2023-05-03 00:13:07.802735,Olivenöl - bestehend aus raffinierten und nativen Olivenölen,Hinweis zur Aufbewahrung: Vor Licht und Wärme geschützt lagern.,"Verantwortliches Lebensmittelunternehmen:
Bertolli, Via Leonardo da Vinci 31, 50028 Tavanelle Val di Pesa (Italien)",,3374,821,91,13,0,0,0,0,https://www.edeka24.de/Lebensmittel/Wuerzmittel-Bruehen/Oele/Bertolli-Cucina-Olivenoel-0-5L.html,https://www.edeka24.de/out/pictures/generated/product/1/540_540_90/bertcuci.jpg
1432,Lebensmittel,Würzmittel & Brühen,Öle,Rapso reines Rapsöl 750ML,"5,79 €","7,72 €/l","inkl. MwSt., zzgl. 4.95 € Versandkosten.",lieferbar innerhalb von 2-5 Werktagen,2023-05-03 00:13:11.337672,-,Hinweis zur Aufbewahrung: Vor Wärme und Licht schützen.,"Verantwortliches Lebensmittelunternehmen:
Rapso Österreich GmbH, Brandstätterstraße 6, A-4082 Aschach",,3386,824,92,6,0,0,0,0,https://www.edeka24.de/Lebensmittel/Wuerzmittel-Bruehen/Oele/Rapso-reines-Rapsoel-750ML.html,https://www.edeka24.de/out/pictures/generated/product/1/540_540_90/rapso.jpg
1433,Lebensmittel,Würzmittel & Brühen,Öle,EDEKA Genussmomente Steirisches Kürbiskernöl g.g.A. 250ML,"5,49 €","21,96 €/l","inkl. MwSt., zzgl. 4.95 € Versandkosten.",lieferbar innerhalb von 2-5 Werktagen,2023-05-03 00:13:14.380881,Steirisches Kürbiskernöl g.g.A.,Hinweis zur Aufbewahrung: Vor Licht und Wärme geschützt lagern und nach dem Öffnen innerhalb von 3 Wochen verzehren.,"Verantwortliches Lebensmittelunternehmen:
EDEKA ZENTRALE AG & Co. KG, D-22291 Hamburg",,3404,828,92,18,0,0,0,0,https://www.edeka24.de/Lebensmittel/Wuerzmittel-Bruehen/Oele/EDEKA-Genussmomente-Steirisches-Kuerbiskernoel-g-g-A-250ML.html,https://www.edeka24.de/out/pictures/generated/product/1/540_540_90/edeka_genussmomente_kamp252rbiskernamp246l_250ml.jpg
1434,Lebensmittel,Würzmittel & Brühen,Öle,Alnatura Origin Bio Natives Olivenöl Extra 500ML,"7,99 €","15,98 €/l","inkl. MwSt., zzgl. 4.95 € Versandkosten.",lieferbar innerhalb von 2-5 Werktagen,2023-05-03 00:13:17.767375,-,Hinweis zur Aufbewahrung: Vor Wärme und direktem Sonnenlicht schützen.,"Verantwortliches Lebensmittelunternehmen:
Alnatura Produktions- und Handels GmbH, Mahatma-Gandhi-Str. 7, 64295 Darmstadt",,3404,828,92,13,"0,5","0,5","0,5","0,01",https://www.edeka24.de/Lebensmittel/Wuerzmittel-Bruehen/Oele/Alnatura-Origin-Bio-Natives-Olivenoel-Extra-500ML.html,https://www.edeka24.de/out/pictures/generated/product/1/540_540_90/alnatura_bio_natives_olivenl_extra.jpg
1435,Lebensmittel,Würzmittel & Brühen,Öle,Livio Natives Olivenöl Extra aus Griechenland 500ML,"7,49 €","14,98 €/l","inkl. MwSt., zzgl. 4.95 € Versandkosten.",lieferbar innerhalb von 2-5 Werktagen,2023-05-03 00:13:21.052208,-,Hinweis zur Aufbewahrung: Vor Licht und Luft geschützt und kühl aufbewahren,"Verantwortliches Lebensmittelunternehmen:
Peter Kölln KGaA, D-25333 Elmshorn","Zutatenverzeichnis: Natives Olivenöl Extra, sortenrein, 100% griechische Koroneiki-Oliven, Erste Güteklasse",3389,824,"91,6","13,5",g,g,"0,0",g,https://www.edeka24.de/Lebensmittel/Wuerzmittel-Bruehen/Oele/Livio-Natives-Olivenoel-Extra-aus-Griechenland-500ML.html,https://www.edeka24.de/out/pictures/generated/product/1/540_540_90/olivenl.jpg
1436,Lebensmittel,Würzmittel & Brühen,Öle,Alnatura Bio Sesamöl nativ 250ML,"4,49 €","17,96 €/l","inkl. MwSt., zzgl. 4.95 € Versandkosten.",lieferbar innerhalb von 2-5 Werktagen,2023-05-03 00:13:24.581257,-,Hinweis zur Aufbewahrung: Vor Wärme und direktem Sonnenlicht schützen.,"Verantwortliches Lebensmittelunternehmen:
Alnatura Produktions- und Handels GmbH, Mahatma-Gandhi-Str. 7, 64295 Darmstadt","Zutatenverzeichnis: Kann Spuren von GLUTEN, ERDNUSS, WALNUSS und SENF enthalten.",3441,837,93,16,"0,5","0,5","0,5","0,01",https://www.edeka24.de/Lebensmittel/Wuerzmittel-Bruehen/Oele/Alnatura-Bio-Sesamoel-nativ-250ML.html,https://www.edeka24.de/out/pictures/generated/product/1/540_540_90/bio_alnatura_sesamamp246l_nativ_250ml.jpg
1437,Lebensmittel,Würzmittel & Brühen,Öle,"Alnatura Bio Brat Olivenöl 0,75L","7,99 €","10,65 €/l","inkl. MwSt., zzgl. 4.95 € Versandkosten.",lieferbar innerhalb von 2-5 Werktagen,2023-05-03 00:13:27.995520,"Bio Brat-Olivenöl, raffiniert",Hinweis zur Aufbewahrung: Vor Licht und Wärme geschützt aufbewahren.,"Verantwortliches Lebensmittelunternehmen:
Alnatura GmbH, Mahatma-Ghandi-Str. 7, 64295 Darmstadt","Zutatenverzeichnis: Olivenöl * raffiniert 80%, Olivenöl nativ 20%. Kann Spuren von ERDNUSS, MANDEL, NÜSSEN und SESAM enthalten. *aus biologischer Landwirtschaft",3404,828,92,15,"0,5","0,5","0,5","0,01",https://www.edeka24.de/Lebensmittel/Wuerzmittel-Bruehen/Oele/Alnatura-Bio-Brat-Olivenoel-0-75L.html,https://www.edeka24.de/out/pictures/generated/product/1/540_540_90/bio_alnatura_bratolivenamp246l_750ml(1).jpg
1438,Lebensmittel,Würzmittel & Brühen,Öle,Biskin Gold Reines Pflanzenöl 750ML,"5,29 €","7,05 €/l","inkl. MwSt., zzgl. 4.95 € Versandkosten.",lieferbar innerhalb von 2-5 Werktagen,2023-05-03 00:13:31.482403,-,Hinweis zur Aufbewahrung: Vor Wärme und Licht geschützt lagern.,"Verantwortliches Lebensmittelunternehmen:
Peter Kölln GmbH & Co. KgaA, 25333 Elmshorn","Zutatenverzeichnis: Sonnenblumenöl, Rapsöl.",3404,828,92,"8,6",0,0,0,0,https://www.edeka24.de/Lebensmittel/Wuerzmittel-Bruehen/Oele/Biskin-Gold-Reines-Pflanzenoel-750ML.html,https://www.edeka24.de/out/pictures/generated/product/1/540_540_90/biskin_gold_reines_pflanzenamp246l_075l.jpg
1439,Lebensmittel,Würzmittel & Brühen,Öle,Brändle Vita Walnussöl 500ML,"6,79 €","13,58 €/l","inkl. MwSt., zzgl. 4.95 € Versandkosten.",lieferbar innerhalb von 2-5 Werktagen,2023-05-03 00:13:34.874229,-,"Hinweis zur Aufbewahrung: Vor Licht geschützt, in dicht verschlossenen, dem Verbrauch angemessenen, möglichst vollständig gefüllten Behältnissen","Verantwortliches Lebensmittelunternehmen:
P. Brändle GmbH, Robert-Bosch-Str. 10; 72186 Empfingen",Zutatenverzeichnis: 100 % Walnussöl,828,3404,92,9,0,0,0,0,https://www.edeka24.de/Lebensmittel/Wuerzmittel-Bruehen/Oele/Braendle-Vita-Walnussoel-500ML.html,https://www.edeka24.de/out/pictures/generated/product/1/540_540_90/brndlevitawalnussl.jpg
1441,Lebensmittel,Würzmittel & Brühen,Öle,Brändle Vita Traubenkernöl 500ML,"3,99 €","7,98 €/l","inkl. MwSt., zzgl. 4.95 € Versandkosten.",lieferbar innerhalb von 2-5 Werktagen,2023-05-03 00:13:42.112217,-,Hinweis zur Aufbewahrung: Nach dem Öffnen kühl und dunkel aufbewahren.,"Verantwortliches Lebensmittelunternehmen:
P. Brändle GmbH, Ölmühle, D-72186 Emfingen",Zutatenverzeichnis: 100 % Traubenkernöl,3404,828,92,9,g,"0,0","0,0","0,0",https://www.edeka24.de/Lebensmittel/Wuerzmittel-Bruehen/Oele/Braendle-Vita-Traubenkernoel-500ML.html,https://www.edeka24.de/out/pictures/generated/product/1/540_540_90/4008722008133_traubenkernl_500_ml_2019.jpg
1442,Lebensmittel,Würzmittel & Brühen,Öle,Brändle Vita Erdnussöl 500ML,"4,29 €","8,58 €/l","inkl. MwSt., zzgl. 4.95 € Versandkosten.",lieferbar innerhalb von 2-5 Werktagen,2023-05-03 00:13:46.351171,-,Hinweis zur Aufbewahrung: Bitte kühl und dunkel lagern. Qualitätsgarantie durch Lichtschutzglas. Bitte beachten: Erdnussöl wird bei Temperaturen unter +8 °C fest und dickflüssig. Bei über + 12 °C wird es schnell wieder klar und flüssig.,"Verantwortliches Lebensmittelunternehmen:
P. Brändle GmbH Ölmühle - Speisegroßhandel, D-72186 Empfingen",Zutatenverzeichnis: Zutaten: 100 % Erdnussöl,3404,828,92,11,0,0,0,0,https://www.edeka24.de/Lebensmittel/Wuerzmittel-Bruehen/Oele/Braendle-Vita-Erdnussoel-500ML.html,https://www.edeka24.de/out/pictures/generated/product/1/540_540_90/brndlevitaerdnussl.jpg
1443,Lebensmittel,Würzmittel & Brühen,Öle,Brändle Vita Avocadoöl kaltgepresst 250ML,"8,49 €","33,96 €/l","inkl. MwSt., zzgl. 4.95 € Versandkosten.",lieferbar innerhalb von 2-5 Werktagen,2023-05-03 00:13:50.419120,-,Hinweis zur Aufbewahrung: Kühl und dunkel lagern.,"Verantwortliches Lebensmittelunternehmen:
P. Brändle GmbH Ölmühle - Speiseölgroßhandel, Robert-Bosch-Str. 10, 72186 Empfingen",,828,3404,92,17,0,0,0,0,https://www.edeka24.de/Lebensmittel/Wuerzmittel-Bruehen/Oele/Braendle-Vita-Avocadooel-kaltgepresst-250ML.html,https://www.edeka24.de/out/pictures/generated/product/1/540_540_90/brndlevitaavocadol.jpg
1444,Lebensmittel,Würzmittel & Brühen,Öle,Brändle Vita Bio Hanföl kaltgepresst 250ML,"7,99 €","31,96 €/l","inkl. MwSt., zzgl. 4.95 € Versandkosten.",lieferbar innerhalb von 2-5 Werktagen,2023-05-03 00:13:53.975758,-,Hinweis zur Aufbewahrung: Bitte kühl und dunkel lagern.,"Verantwortliches Lebensmittelunternehmen:
P.Brändle GmbH, Robert-Bosch-Str.10, 72186 Empfingen",,3404,828,92,10,0,0,0,0,https://www.edeka24.de/Lebensmittel/Wuerzmittel-Bruehen/Oele/Braendle-Vita-Bio-Hanfoel-kaltgepresst-250ML.html,https://www.edeka24.de/out/pictures/generated/product/1/540_540_90/brndle_vita_bio_hanfl_kaltgepresst_250_ml.jpg
1445,Lebensmittel,Würzmittel & Brühen,Öle,Rösslerhof Bio Hanf-Öl 250ML,"9,49 €","37,96 €/l","inkl. MwSt., zzgl. 4.95 € Versandkosten.",lieferbar innerhalb von 2-5 Werktagen,2023-05-03 00:13:57.279375,-,Hinweis zur Aufbewahrung: Nach dem Öffnen im Kühlschrank aufbewahren.,"Verantwortliches Lebensmittelunternehmen:
Rösslerhof Bioland-Produkte GbR 88281 Schlier-Unterankenreute",,3404,828,92,9,0,0,0,0,https://www.edeka24.de/Lebensmittel/Wuerzmittel-Bruehen/Oele/Roesslerhof-Bio-Hanf-Oel-250ML.html,https://www.edeka24.de/out/pictures/generated/product/1/540_540_90/rsslerhofhanfl.jpg
1446,Lebensmittel,Würzmittel & Brühen,Öle,Mylos Bio Natives Olivenöl Extra 500ML,"9,49 €","18,98 €/l","inkl. MwSt., zzgl. 4.95 € Versandkosten.",lieferbar innerhalb von 2-5 Werktagen,2023-05-03 00:14:00.360814,-,,"Verantwortliches Lebensmittelunternehmen:
KRETA Food GmbH & Co. KG, D-31275 Lehrte",Zutatenverzeichnis: Zutaten: Olivenöl 100%,3389,824,"92,0","12,6",0,0,0,0,https://www.edeka24.de/Lebensmittel/Wuerzmittel-Bruehen/Oele/Mylos-Bio-Natives-Olivenoel-Extra-500ML.html,https://www.edeka24.de/out/pictures/generated/product/1/540_540_90/mylosolivenl.jpg
1447,Lebensmittel,Würzmittel & Brühen,Öle,Brändle Vita Knoblauchöl 100ML,"1,89 €","18,90 €/l","inkl. MwSt., zzgl. 4.95 € Versandkosten.",lieferbar innerhalb von 2-5 Werktagen,2023-05-03 00:14:03.960507,Rapsöl mit natürlichem Knoblaucharoma,Hinweis zur Aufbewahrung: Bitte kühl und dunkel lagern.,"Verantwortliches Lebensmittelunternehmen:
P. Brändle GmbH - Ölmühle, 72186 Empfingen","Zutatenverzeichnis: Rapsöl, natürliches Knoblaucharoma.",3404,828,92,7,0,0,0,0,https://www.edeka24.de/Lebensmittel/Wuerzmittel-Bruehen/Oele/Braendle-Vita-Knoblauchoel-100ML.html,https://www.edeka24.de/out/pictures/generated/product/1/540_540_90/bramp228ndle_vita_kramp228uteramp246l_knoblauch_100ml.jpg
1448,Lebensmittel,Würzmittel & Brühen,Öle,Luglio Olivenöl Olio Extra Vergine Di Oliva DOP 500ML,"7,49 €","14,98 €/l","inkl. MwSt., zzgl. 4.95 € Versandkosten.",lieferbar innerhalb von 2-5 Werktagen,2023-05-03 00:14:07.807423,"Natives Olivenöl extra, erste Güteklasse - direkt aus Oliven ausschließlich mit mechanischen Verfahren gewonnen",Hinweis zur Aufbewahrung: Kühl und dunkel lagern.,"Verantwortliches Lebensmittelunternehmen:
Medsol srl, Viale A. Olivetti, 37 Zona A.S.I., 70056 Molfetta (BA) Italy",,3404,828,92,12,0,0,0,0,https://www.edeka24.de/Lebensmittel/Wuerzmittel-Bruehen/Oele/Luglio-Olivenoel-Olio-Extra-Vergine-Di-Oliva-DOP-500ML.html,https://www.edeka24.de/out/pictures/generated/product/1/540_540_90/luglioolivenl.jpg
1449,Lebensmittel,Würzmittel & Brühen,Öle,Mazola Rapsöl 750ML,"4,79 €","6,39 €/l","inkl. MwSt., zzgl. 4.95 € Versandkosten.",lieferbar innerhalb von 2-5 Werktagen,2023-05-03 00:14:10.954323,-,Hinweis zur Aufbewahrung: Vor Wärme und Licht geschützt lagern.,"Verantwortliches Lebensmittelunternehmen:
Peter Kölln GmbH & Co. KgaA, 25333 Elmshorn",,3404,828,92,7,0,0,0,0,https://www.edeka24.de/Lebensmittel/Wuerzmittel-Bruehen/Oele/Mazola-Rapsoel-750ML.html,https://www.edeka24.de/out/pictures/generated/product/1/540_540_90/mazola_rapsl_750ml.jpg
1450,Lebensmittel,Würzmittel & Brühen,Öle,Bertolli Cucina Olivenöl 1L,"12,99 €","12,99 €/l","inkl. MwSt., zzgl. 4.95 € Versandkosten.",lieferbar innerhalb von 2-5 Werktagen (geringer Lagerbestand),2023-05-03 00:14:14.354734,Olivenöl - bestehend aus raffinierten und nativen Olivenölen,Hinweis zur Aufbewahrung: Vor Licht und Wärme geschützt lagern.,"Verantwortliches Lebensmittelunternehmen:
Bertolli, Via Leonardo da Vinci 31, 50028 Tavanelle Val di Pesa (Italien)",,3374,821,91,13,0,0,0,0,https://www.edeka24.de/Lebensmittel/Wuerzmittel-Bruehen/Oele/Bertolli-Cucina-Olivenoel-1L.html,https://www.edeka24.de/out/pictures/generated/product/1/540_540_90/bertollicucina.jpg
1451,Lebensmittel,Würzmittel & Brühen,Öle,Bertolli Bio Natives Olivenöl Extra 250ML,"3,99 €","15,96 €/l","inkl. MwSt., zzgl. 4.95 € Versandkosten.",lieferbar innerhalb von 2-5 Werktagen,2023-05-03 00:14:17.505376,"Bertolli Olio Extra Vergine di Oliva „BIO“ wird aus biologisch angebauten Oliven gewonnen, im Einklang mit der Natur. Als Ergebnis hat dieses native Olivenöl extra einen fruchtigen Geschmack. Bertolli „BIO“ eignet sich vorzüglich zum Zubereiten von Salaten, Dips und Marinaden. ",Hinweis zur Aufbewahrung: Vor Licht und Wärme geschützt lagern.,"Verantwortliches Lebensmittelunternehmen:
Bertolli, Via Leonardo da Vinci 31, I-50028 Tavarnelle Val di Pesa (FI)",,3378,822,91,14,0,0,0,0,https://www.edeka24.de/Lebensmittel/Wuerzmittel-Bruehen/Oele/Bertolli-Bio-Natives-Olivenoel-Extra-250ML.html,https://www.edeka24.de/out/pictures/generated/product/1/540_540_90/mi5257-bertolli-bio-originale-250ml-2021.jpg
1452,Lebensmittel,Würzmittel & Brühen,Öle,Alnatura Bio Steirisches Kürbiskernöl g.g.A. 100ML,"5,49 €","54,90 €/l","inkl. MwSt., zzgl. 4.95 € Versandkosten.",lieferbar innerhalb von 2-5 Werktagen,2023-05-03 00:14:20.742838,"Bio Kürbiskernöl, geröstet",Hinweis zur Aufbewahrung: Vor Wärme und direktem Sonnenlicht schützen.,"Verantwortliches Lebensmittelunternehmen:
Alnatura GmbH, Mahatma-Gandhi-Straße 7, 64295 Darmstadt",,3367,819,91,16,"0,5","0,5","0,5","0,01",https://www.edeka24.de/Lebensmittel/Wuerzmittel-Bruehen/Oele/Alnatura-Bio-Steirisches-Kuerbiskernoel-g-g-A-100ML.html,https://www.edeka24.de/out/pictures/generated/product/1/540_540_90/bio_alnasteirkuerboel100ml.jpg
1453,Lebensmittel,Würzmittel & Brühen,Öle,Ölmühle Birnstingl 100% Steirisches Kürbiskernöl g.g.A. 250ML,"6,99 €","27,96 €/l","inkl. MwSt., zzgl. 4.95 € Versandkosten.",lieferbar innerhalb von 2-5 Werktagen,2023-05-03 00:14:24.201524,-,Hinweis zur Aufbewahrung: Trocken und vor Wärme und Licht geschützt lagern.Nach dem Öffnen der Flasche empfehlen wir das Kürbiskernöl gut verschlossen im Kühlschrank aufzubewahren und innerhalb von 3 Monaten zu verbrauchen.,"Verantwortliches Lebensmittelunternehmen:
Ölmühle Birnstingl GmbH, Reiteregg 26, 8151 Sankt Bartholomä, Austria",Zutatenverzeichnis: 100% steirisches Kürbiskernöl,3406,828,92,16,"0,1",0,0,"0,025",https://www.edeka24.de/Lebensmittel/Wuerzmittel-Bruehen/Oele/Oelmuehle-Birnstingl-100-Steirisches-Kuerbiskernoel-g-g-A-250ML.html,https://www.edeka24.de/out/pictures/generated/product/1/540_540_90/lmhle_birnstingl_100_steirisches_krbiskernl_gga.jpg
1454,Lebensmittel,Würzmittel & Brühen,Öle,Brändle vita Sonnenblumenöl kaltgepresst 750ML,"4,79 €","6,39 €/l","inkl. MwSt., zzgl. 4.95 € Versandkosten.",lieferbar innerhalb von 2-5 Werktagen,2023-05-03 00:14:27.589523,-,,"Verantwortliches Lebensmittelunternehmen:
P.Brändle GmbH, D-72186 Empfingen",Zutatenverzeichnis: Zutaten: 100 % Sonnenblumenöl kaltgepresst,3404,828,92,11,0,0,0,0,https://www.edeka24.de/Lebensmittel/Wuerzmittel-Bruehen/Oele/Braendle-vita-Sonnenblumenoel-kaltgepresst-750ML.html,https://www.edeka24.de/out/pictures/generated/product/1/540_540_90/brndlevitasonnenblumenl.jpg
1455,Lebensmittel,Würzmittel & Brühen,Öle,"Byodo Bio Bratöl Klassik 0,75L","7,49 €","9,99 €/l","inkl. MwSt., zzgl. 4.95 € Versandkosten.",lieferbar innerhalb von 2-5 Werktagen,2023-05-03 00:14:30.765761,Hocherhitzbares Bratöl aus Sonnenblumenkernen,Hinweis zur Aufbewahrung: Vor Licht und Wärme schützen.,"Verantwortliches Lebensmittelunternehmen:
Byodo Naturkost GmbH, Leisederstr. 2, 84453 Mühldorf",,3415,830,92,"7,5",0,0,0,0,https://www.edeka24.de/Lebensmittel/Wuerzmittel-Bruehen/Oele/Byodo-Bio-Bratoel-Klassik-0-75L.html,https://www.edeka24.de/out/pictures/generated/product/1/540_540_90/bio_byodo_bratamp246l_hocherhitzbar_075l.jpg
1456,Lebensmittel,Würzmittel & Brühen,Öle,Brändle Vita Sonnenblumenöl 750ML,"4,49 €","5,99 €/l","inkl. MwSt., zzgl. 4.95 € Versandkosten.",lieferbar innerhalb von 2-5 Werktagen,2023-05-03 00:14:34.061612,-,,"Verantwortliches Lebensmittelunternehmen:
P. Brändle GmbH, Robert-Bosch-Str. 10; 72186 Empfingen",Zutatenverzeichnis: 100 % Sonnenblumenöl.,3404,828,92,11,0,0,0,0,https://www.edeka24.de/Lebensmittel/Wuerzmittel-Bruehen/Oele/Braendle-Vita-Sonnenblumenoel-750ML.html,https://www.edeka24.de/out/pictures/generated/product/1/540_540_90/brndlevitsoblul.jpg
1457,Lebensmittel,Würzmittel & Brühen,Öle,La Espanola Natives Olivenöl Extra 500ML,"6,99 €","13,98 €/l","inkl. MwSt., zzgl. 4.95 € Versandkosten.",lieferbar innerhalb von 2-5 Werktagen,2023-05-03 00:14:37.473383,"Natives Olivenöl extra, erste Güteklasse-direkt aus Oliven ausschließlich mit mechanischem Verfahren gewonnen",Hinweis zur Aufbewahrung: Raumtemperatur,"Verantwortliches Lebensmittelunternehmen:
Reichold Feinkost GmbH, Im Maisel 6, 65232 Taunusstein",,3381,822,"91,4","12,8",0,0,0,0,https://www.edeka24.de/Lebensmittel/Wuerzmittel-Bruehen/Oele/La-Espanola-Natives-Olivenoel-Extra-500ML.html,https://www.edeka24.de/out/pictures/generated/product/1/540_540_90/la_espanola_natives_olivenl_extra_500ml.jpg
1458,Lebensmittel,Würzmittel & Brühen,Brühen,Maggi Herzhafte Rinderbrühe für 6L 126G,"2,49 €","19,76 €/kg","inkl. MwSt., zzgl. 4.95 € Versandkosten.",lieferbar innerhalb von 2-5 Werktagen,2023-05-03 00:14:41.437603,-,Hinweis zur Aufbewahrung: Trocken lagern und vor Wärme schützen.,"Verantwortliches Lebensmittelunternehmen:
Maggi GmbH, 78221 Singen (Hohentwiel)","Zutatenverzeichnis: Jodsalz, Aromen (mit WEIZEN, SELLERIE), Kartoffelstärke, Geschmacksverstärker (Mononatriumglutamat, Dinatriuminosinat, Dinatriumguanylat), Sonnenblumenöl, Rindfleischextrakt, Lauch, Karotten, Petersilie, SELLERIEBLÄTTER, Gewürze (Knoblauch, Muskatnuss, Koriander, Kurkuma), Salz, Zucker, Palmfett, karamellisierter Zucker. Kann EIER, MILCH, SOJA und SENF enthalten.",4,18,"0,2",0,"0,5","0,1","0,2","1,1",https://www.edeka24.de/Lebensmittel/Wuerzmittel-Bruehen/Bruehen/Maggi-Herzhafte-Rinderbruehe-fuer-6L-126G.html,https://www.edeka24.de/out/pictures/generated/product/1/540_540_90/maggi_rinderbramp252he_bouillon_famp252r_6l.jpg
1459,Lebensmittel,Würzmittel & Brühen,Brühen,EDEKA Bio Klare Gemüsebrühe 140G,"1,19 €","8,50 €/kg","inkl. MwSt., zzgl. 4.95 € Versandkosten.",lieferbar innerhalb von 2-5 Werktagen,2023-05-03 00:14:45.024771,Bio Klare Gemüsebrühe,Hinweis zur Aufbewahrung: Vor Wärme geschützt und trocken lagern.,"Verantwortliches Lebensmittelunternehmen:
EDEKA ZENTRALE Stiftung & Co. KG, D-22291 Hamburg","Zutatenverzeichnis: Jodiertes Speisesalz (Speisesalz, Kaliumjodid), Zucker*, 5,8% Zwiebeln*, 5,5% Karotten*, Stärke*, Maltodextrin*, 2,6% Lauch*, Sonnenblumenöl*, Kräuter*, 0,5% SELLERIE*, Gewürze*. Das Produkt kann Spuren von EI, GLUTEN und MILCH enthalten. *aus kontrolliert ökologischer Landwirtschaft.",13,3,0,0,"0,7","0,5",0,"1,1",https://www.edeka24.de/Lebensmittel/Wuerzmittel-Bruehen/Bruehen/EDEKA-Bio-Klare-Gemuesebruehe-140G.html,https://www.edeka24.de/out/pictures/generated/product/1/540_540_90/bio_edeka_gemamp252sebramp252he_famp252r_7l_140g(1).jpg
1460,Lebensmittel,Würzmittel & Brühen,Brühen,Maggi Hühner Brühe für 4L 92G,"2,49 €","27,07 €/kg","inkl. MwSt., zzgl. 4.95 € Versandkosten.",lieferbar innerhalb von 2-5 Werktagen,2023-05-03 00:14:48.171526,"Hühner Brühe mit 7,4% Hühnerfleischextrakt und Hühnerfett",Hinweis zur Aufbewahrung: Trocken lagern und vor Wärme schützen.,"Verantwortliches Lebensmittelunternehmen:
Maggi GmbH, 78221 Singen (Hohentwiel)","Zutatenverzeichnis: 47 % Würzmischung (Salz, Zwiebeln, Kurkuma, Knoblauch, Koriander, Pfeffer), Kartoffelstärke, Zucker, natürliches Aroma, Hühnerfleischextrakt, Hühnerfett, Kräuter (SELLERIEBLÄTTER, Lorbeer), SELLERIESAMEN, Sonnenblumenöl, Würze (aus WEIZEN), Salz, Antioxidationsmittel Extrakt aus Rosmarin. Kann EIER, MILCH, SENF und SOJA enthalten.",21,5,"0,1",0,"0,9","0,5","0,1","1,1",https://www.edeka24.de/Lebensmittel/Wuerzmittel-Bruehen/Bruehen/Maggi-Huehner-Bruehe-fuer-4L-92G.html,https://www.edeka24.de/out/pictures/generated/product/1/540_540_90/maggihhnerbrhe.jpg
1461,Lebensmittel,Würzmittel & Brühen,Brühen,Alnatura Bio Gemüse Bouillon ohne Zusatz von Hefe Nachfüllpackung 290G,"3,49 €","12,03 €/kg","inkl. MwSt., zzgl. 4.95 € Versandkosten.",lieferbar innerhalb von 2-5 Werktagen,2023-05-03 00:14:51.942046,"Bio Gemüsebrühe, klar mit 20 % Gemüse","Hinweis zur Aufbewahrung: Trocken lagern, vor Wärme schützen. Inhalt nach dem Öffnen in das Original-Glas umfüllen.","Verantwortliches Lebensmittelunternehmen:
Alnatura GmbH, Mahatma-Gandhi-Straße 7, 64295 Darmstadt","Zutatenverzeichnis: Meersalz, Reisvollkornmehl*, Gemüse* getrocknet und gemahlen 20% (Zwiebeln* 8,1 %, Karotten* 6,3 %, Lauch* 2,4%, SELLERIE*, Röstzwiebeln*, Kürbis*), Sonnenblumenöl*, Gemüsesaftkonzentrat* (Karotte*, Zwiebel*), Knoblauch*, Kurkuma*, Liebstöckelblätter*, Petersilie*, Muskatnuss*, Liebstöckelwurzel*, Pfeffer*, Fenchelsamen* *aus biologischer Landwirtschaft. Kann Spuren von GLUTEN, EI, SOJA, MILCH und SENF enthalten.",10,2,"0,5","0,1","0,6","0,5","0,5","1,2",https://www.edeka24.de/Lebensmittel/Wuerzmittel-Bruehen/Bruehen/Alnatura-Bio-Gemuese-Bouillon-ohne-Zusatz-von-Hefe-Nachfuellpackung-290G.html,https://www.edeka24.de/out/pictures/generated/product/1/540_540_90/alnatura_bio_gemse_bouillon_ohne_zusatz_von_hefe_nachfllpackung_290_g.jpg
1462,Lebensmittel,Würzmittel & Brühen,Brühen,Maggi Gartengemüse Bouillon für 7L 130G,"2,49 €","19,15 €/kg","inkl. MwSt., zzgl. 4.95 € Versandkosten.",lieferbar innerhalb von 2-5 Werktagen,2023-05-03 00:14:55.795993,Brühe mit 12% Gemüse,Hinweis zur Aufbewahrung: Trocken lagern und vor Wärme schützen.,"Verantwortliches Lebensmittelunternehmen:
Maggi GmbH, 78221 Singen (Hohentwiel)","Zutatenverzeichnis: Jodsalz, Zucker, Geschmacksverstärker (Mononatriumglutamat, Dinatriuminosinat, Dinatriumguanylat), 5,7 % Zwiebeln, 5 % Karotten, 1,3 % Lauch, SELLERIEBLÄTTER, Gewürze (Pfeffer, Kurkuma, Knoblauch), getrocknetes Knoblauchpüree, Sonnenblumenöl, Maisstärke, Aromen, Farbstoff Riboflavin. Kann GLUTENHALTIGES GETREIDE, EIER, MILCH, SOJA und SENF enthalten.",2,10,0,0,"0,4","0,3","0,1","1,2",https://www.edeka24.de/Lebensmittel/Wuerzmittel-Bruehen/Bruehen/Maggi-Gartengemuese-Bouillon-fuer-7L-130G.html,https://www.edeka24.de/out/pictures/generated/product/1/540_540_90/maggi_gartengemamp252se_bouillon_famp252r_7l.jpg
1463,Lebensmittel,Würzmittel & Brühen,Brühen,Knorr Delikatess Brühe für 16L 329G,"2,99 €","9,09 €/kg","inkl. MwSt., zzgl. 4.95 € Versandkosten.",lieferbar innerhalb von 2-5 Werktagen,2023-05-03 00:14:59.710739,-,,"Verantwortliches Lebensmittelunternehmen:
Unilever Deutschland Holding GmbH, Am Strandkai 1 , D-20457 Hamburg","Zutatenverzeichnis: Jodiertes Speisesalz, Geschmacksverstärker (Mononatriumglutamat, Dinatriumguanylat, Dinatriuminosinat), Palmöl, Speisesalz, Hefeextrakt, Aromen, Gemüse (1,5% Zwiebeln, 0,6% Karotten, 0,4% Tomaten, 0,3% KNOLLENSELLERIE), Gewürze (Muskat, SELLERIESAMEN), Kräuter (Petersilie, Liebstöckel), Gemüsesaftkonzentrat (Zwiebeln, Steckrübensaftpulver, Wirsing), Maltodextrin, Sonnenblumenöl. Kann Spuren von GLUTEN, MILCH, EI und SENF enthalten.",4,20,"0,3","0,2","0,1","0,1","0,4","1,1",https://www.edeka24.de/Lebensmittel/Wuerzmittel-Bruehen/Bruehen/Knorr-Delikatess-Bruehe-fuer-16L-329G.html,https://www.edeka24.de/out/pictures/generated/product/1/540_540_90/knorr_delikatess_brhe_in_der_dose.jpg
1464,Lebensmittel,Würzmittel & Brühen,Brühen,Maggi Fette Brühe 10ST 100G,"1,29 €","12,90 €/kg","inkl. MwSt., zzgl. 4.95 € Versandkosten.",lieferbar innerhalb von 2-5 Werktagen,2023-05-03 00:15:03.348299,Fette Brühe,Hinweis zur Aufbewahrung: Trocken lagern und vor Wärme schützen.,"Verantwortliches Lebensmittelunternehmen:
Maggi GmbH, 78221 Singen (Hohentwiel)","Zutatenverzeichnis: Jodsalz, Palmfett, Geschmacksverstärker (Mononatriumglutamat, Dinatriuminosinat, Dinatriumguanylat), Aromen (mit WEIZEN), M ILCHZUCKER, Gewürze, karamellisierter Zucker, Maltodextrin. SPUREN: EIER, MILCH, SOJA, SELLERIE, SENF",7,27,"0,5","0,4","0,2","0,2","0,2",1,https://www.edeka24.de/Lebensmittel/Wuerzmittel-Bruehen/Bruehen/Maggi-Fette-Bruehe-10ST-100G.html,https://www.edeka24.de/out/pictures/generated/product/1/540_540_90/b9f6e98404bac02f2318460886771357-4005500306504.jpg
1465,Lebensmittel,Würzmittel & Brühen,Brühen,"Knorr Fleisch Bouillon für 7,5L 150G","2,29 €","15,27 €/kg","inkl. MwSt., zzgl. 4.95 € Versandkosten.",lieferbar innerhalb von 2-5 Werktagen,2023-05-03 00:15:08.089355,Suppe mit Rindsgeschmack und Rindfleisch,,"Verantwortliches Lebensmittelunternehmen:
Unilever Deutschland, Postfach 570 237, 22771 Hamburg","Zutatenverzeichnis: Speisesalz, Geschmacksverstärker (Mononatriumglutamat, Dinatriumguanylat, Dinatriuminosinat), Palmöl, Stärke, Aromen, Palmöl ganz gehärtet, 2% Rindfleischpulver, Gewürze (SELLERIESAMEN, Muskatnuss, Curcuma), 0,4% Karotten², Petersilie², Säuerungsmittel (L(+)-Weinsäure). ² Aus nachhaltigem Anbau.",24,6,"0,5","0,3","0,5","0,5","0,5","0,95",https://www.edeka24.de/Lebensmittel/Wuerzmittel-Bruehen/Bruehen/Knorr-Fleisch-Bouillon-fuer-7-5L-150G.html,https://www.edeka24.de/out/pictures/generated/product/1/540_540_90/knorr_fleisch_bouillon_famp252r_75l_150g.jpg
1466,Lebensmittel,Würzmittel & Brühen,Brühen,Alnatura Bio Gemüse Bouillon ohne Hefe-Extrakt 290G,"3,99 €","13,76 €/kg","inkl. MwSt., zzgl. 4.95 € Versandkosten.",lieferbar innerhalb von 2-5 Werktagen,2023-05-03 00:15:12.495287,"Bio Gemüsebrühe, klar mit 20% Gemüse",Hinweis zur Aufbewahrung: Bitte Glas gut verschlossen und trocken lagern. Vor Wärme schützen.,"Verantwortliches Lebensmittelunternehmen:
Alnatura Produktions- und Handels GmbH, Mahatma-Gandhi-Str. 7, 64295 Darmstadt","Zutatenverzeichnis: Meersalz, Reisvollkornmehl*, Gemüse* getrocknet und gemahlen 20% (Zwiebeln* 8,1%, Karotten* 6,3%, Lauch* 2,4%, SELLERIE*, Röstzwiebeln*, Kürbis*), Sonnenblumenöl*, Gemüsesaftkonzentrat* (Karotte*, Zwiebel*), Knoblauch*, Kurkuma*, Liebstöckelblätter*, Petersilie*, Muskatnuss*, Liebstöckelwurzel*, Pfeffer*, Fenchelsamen* *aus biologischer Landwirtschaft. Kann Spuren von GLUTEN, EI, SOJA, MILCH und SENF enthalten.",10,2,"0,5","0,1","0,6","0,5","0,5","1,2",https://www.edeka24.de/Lebensmittel/Wuerzmittel-Bruehen/Bruehen/Alnatura-Bio-Gemuese-Bouillon-ohne-Hefe-Extrakt-290G.html,https://www.edeka24.de/out/pictures/generated/product/1/540_540_90/alnatura_bio_gemse_bouillon_ohne_hefeextrakt_290_g.jpg
1467,Lebensmittel,Würzmittel & Brühen,Brühen,Maggi Brühwürfel 10ST 40G,"1,29 €","32,25 €/kg","inkl. MwSt., zzgl. 4.95 € Versandkosten.",lieferbar innerhalb von 2-5 Werktagen,2023-05-03 00:15:16.291189,-,Hinweis zur Aufbewahrung: Trocken lagern und vor Wärme schützen.,"Verantwortliches Lebensmittelunternehmen:
Maggi GmbH, 78221 Singen (Hohentwiel)","Zutatenverzeichnis: Jodsalz, Geschmacksverstärker (Mononatriumglutamat, Dinatriuminosinat, Dinatriumguanylat), Aromen (mit WEIZEN, SELLERIE), P almfett, Maltodextrin, karamellisierter Zucker, Säuerungsmittel Citronensäure. SPUREN: EIER, SOJA, MILCH, SENF",,,,,,,,,https://www.edeka24.de/Lebensmittel/Wuerzmittel-Bruehen/Bruehen/Maggi-Bruehwuerfel-10ST-40G.html,https://www.edeka24.de/out/pictures/generated/product/1/540_540_90/bruehwuerfel_10er_p1.jpg
1468,Lebensmittel,Würzmittel & Brühen,Brühen,Maggi Gekörnte Brühe 125G,"2,49 €","19,92 €/kg","inkl. MwSt., zzgl. 4.95 € Versandkosten.",lieferbar innerhalb von 2-5 Werktagen,2023-05-03 00:15:19.955742,Gekörnte Brühe,Hinweis zur Aufbewahrung: Trocken lagern und vor Wärme schützen.,"Verantwortliches Lebensmittelunternehmen:
Maggi GmbH, 78221 Singen (Hohentwiel)","Zutatenverzeichnis: Jodsalz, Geschmacksverstärker (Mononatriumglutamat, Dinatriuminosinat, Dinatriumguanylat), Aromen (mit WEIZEN, SELLERIE), P almfett, Maltodextrin, karamellisierter Zucker, Säuerungsmittel Citronensäure. SPUREN: EIER, SOJA, MILCH, SENF",11,3,"0,2","0,1","0,1",0,"0,2","1,1",https://www.edeka24.de/Lebensmittel/Wuerzmittel-Bruehen/Bruehen/Maggi-Gekoernte-Bruehe-125G.html,https://www.edeka24.de/out/pictures/generated/product/1/540_540_90/maggi_gekrnte_brhe.jpg
1469,Lebensmittel,Würzmittel & Brühen,Brühen,Maggi Gemüse Brühe für 18L 288G,"4,29 €","14,90 €/kg","inkl. MwSt., zzgl. 4.95 € Versandkosten.",lieferbar innerhalb von 2-5 Werktagen,2023-05-03 00:15:24.324473,"Gemüse Brühe mit 15,3% Gemüse",Hinweis zur Aufbewahrung: Trocken lagern und vor Wärme schützen.,"Verantwortliches Lebensmittelunternehmen:
Maggi GmbH, 78221 Singen (Hohentwiel)","Zutatenverzeichnis: 45,9 % Würzmischung (Salz, Kurkuma, Muskatnuss, Pfeffer), Kartoffelstärke, Zucker, natürliche Aromen, 7,2 % Karotten, 7,2 % Zwiebeln, Kräuter (Petersilie, SELLERIEBLÄTTER, Lorbeer), Lauch, 0,4 % Tomaten, SELLERIESAMEN, Sonnenblumenöl, Salz, natürliches Gemüsearoma mit anderen natürlichen Aromen, natürliches SELLERIEAROMA, natürliches Knoblaucharoma, natürliches Liebstöckelaroma, Würze (aus WEIZEN). Kann EIER, MILCH, SENF und SOJA enthalten.",3,13,"0,1","0,1","0,6","0,3","0,1","0,87",https://www.edeka24.de/Lebensmittel/Wuerzmittel-Bruehen/Bruehen/Maggi-Gemuese-Bruehe-fuer-18L-288G.html,https://www.edeka24.de/out/pictures/generated/product/1/540_540_90/maggigemsebrhe.jpg
1470,Lebensmittel,Würzmittel & Brühen,Brühen,Knorr Bouillon Pur Rind 6ST 168G,"1,99 €","11,85 €/kg","inkl. MwSt., zzgl. 4.95 € Versandkosten.",lieferbar innerhalb von 2-5 Werktagen,2023-05-03 00:15:28.050967,-,Hinweis zur Aufbewahrung: Kühl und vor Licht geschützt aufbewahren. Nach dem Öffnen im Kühlschrank lagern und innerhalb von 3 Tagen konsumieren.,"Verantwortliches Lebensmittelunternehmen:
Unilever Deutschland Holding GmbH, Am Strandkai 1 , D-20457 Hamburg","Zutatenverzeichnis: 61% konzentrierte Rinderbrühe (Trinkwasser, Rindfleischextrakt), Speisesalz, 5% Rinderfett, Hefeextrakt, Zucker, Karotten, Aromen (mit MILCH), Palmöl, Verdickungsmittel (Xanthan, Johannisbrotkernmehl), Karamellzuckersirup, Lauch, Petersilie, Maltodextrin.",5,20,"0,4","0,2","0,2","0,2","0,2","1,2",https://www.edeka24.de/Lebensmittel/Wuerzmittel-Bruehen/Bruehen/Knorr-Bouillon-Pur-Rind-6ST-168G.html,https://www.edeka24.de/out/pictures/generated/product/1/540_540_90/knorr-bouillon-rind.jpg
1471,Lebensmittel,Würzmittel & Brühen,Brühen,Alnatura Bio Hühner Bouillon 140G,"2,89 €","20,64 €/kg","inkl. MwSt., zzgl. 4.95 € Versandkosten.",lieferbar innerhalb von 2-5 Werktagen,2023-05-03 00:15:31.831548,Bio Hühnerbrühe,Hinweis zur Aufbewahrung: Bitte Glas gut verschlossen und trocken lagern. Vor Wärme schützen.,"Verantwortliches Lebensmittelunternehmen:
Alnatura GmbH, Mahatma-Gandhi-Straße 7, 64295 Darmstadt","Zutatenverzeichnis: Meersalz, Reisvollkornmehl*, Hühnerfleischpulver* 9,5 %, Zwiebeln* 3,7%, Geflügelbrühe* (Wasser, Truthahnkarkasse*, Huhnkarkasse*, Geflügelfett*), Hühnerfett* 1,1%, Zichorienextrakt*, SELLERIE*, Kurkuma*, Koriandersamen*, Knoblauch*, Petersilie*, Rosmarin*, Liebstöckelblätter* *aus biologischer Landwirtschaft. Kann Spuren von GLUTEN, EI, SOJA, MILCH und SENF.",12,3,"0,5","0,1","0,7","0,5","0,5","0,96",https://www.edeka24.de/Lebensmittel/Wuerzmittel-Bruehen/Bruehen/Alnatura-Bio-Huehner-Bouillon-140G.html,https://www.edeka24.de/out/pictures/generated/product/1/540_540_90/alnaturahhnerbouilllon.jpg
1472,Lebensmittel,Würzmittel & Brühen,Brühen,Alnatura Bio Hühner Bouillon 6ST 66G,"1,59 €","24,09 €/kg","inkl. MwSt., zzgl. 4.95 € Versandkosten.",lieferbar innerhalb von 2-5 Werktagen,2023-05-03 00:15:35.372312,Bio Hühnerbrühwürfel,Hinweis zur Aufbewahrung: Bitte trocken lagern und vor Wärme schützen.,"Verantwortliches Lebensmittelunternehmen:
Alnatura GmbH, Mahatma-Gandhi-Straße 7, 64295 Darmstadt","Zutatenverzeichnis: Meersalz, Reisvollkornmehl*, Hühnerfleischpulver* 9,7 %, Palmöl*, Hühnerfett* 8,5 %, Hefeextrakt*, Zwiebelpulver*, Geflügelbrühe* (Wasser, Truthahnkarkasse*, Huhnkarkasse*, Speisesalz, Geflügelfett*), SELLERIE*, Kurkuma*, Koriandersamen*, Petersilie*, Knoblauch*, Rosmarin* *aus biologischer Landwirtschaft.",19,5,"0,5","0,2","0,5","0,5","0,5","0,92",https://www.edeka24.de/Lebensmittel/Wuerzmittel-Bruehen/Bruehen/Alnatura-Bio-Huehner-Bouillon-6ST-66G.html,https://www.edeka24.de/out/pictures/generated/product/1/540_540_90/alnaturahhnerbouillon.jpg
1473,Lebensmittel,Würzmittel & Brühen,Brühen,Knorr Bouillon Pur Gemüse 6ST 168G,"1,99 €","11,85 €/kg","inkl. MwSt., zzgl. 4.95 € Versandkosten.",lieferbar innerhalb von 2-5 Werktagen,2023-05-03 00:15:38.442191,-,Hinweis zur Aufbewahrung: Kühl und vor Licht geschützt aufbewahren. Nach dem Öffnen im Kühlschrank lagern und innerhalb von 3 Tagen konsumieren.,"Verantwortliches Lebensmittelunternehmen:
Unilever Deutschland Holding GmbH, Am Strandkai 1 , D-20457 Hamburg","Zutatenverzeichnis: 59% konzentrierte Gemüsebrühe (Trinkwasser, 7,5% Karotten², Lauch², 2,3% Gemüsepaprika², SELLERIE²), Speisesalz, Palmöl, Zucker, Hefeextrakt, Petersilie², Verdickungsmittel (Xanthan, Johannisbrotkernmehl), Aromen, Gewürze (SELLERIESAMEN, Liebstöckelwurzel², Muskatnuss, Pfeffer), Karamellzuckersirup, Maltodextrin. ²aus nachhaltigem Anbau.",28,7,"0,5","0,3","0,5","0,5","0,5","1,2",https://www.edeka24.de/Lebensmittel/Wuerzmittel-Bruehen/Bruehen/Knorr-Bouillon-Pur-Gemuese-6ST-168G.html,https://www.edeka24.de/out/pictures/generated/product/1/540_540_90/knorr_bouillon_pur_gemse_168_g.jpg
1474,Lebensmittel,Würzmittel & Brühen,Brühen,"Maggi Bio Ideen vom Wochenmarkt Gemüse Bouillon ergibt 5,5L","2,29 €","0,42 €/l","inkl. MwSt., zzgl. 4.95 € Versandkosten.",lieferbar innerhalb von 2-5 Werktagen,2023-05-03 00:15:42.135767,-,Hinweis zur Aufbewahrung: Trocken lagern und vor Wärme schützen.,"Verantwortliches Lebensmittelunternehmen:
Maggi GmbH, 78221 Singen (Hohentwiel)","Zutatenverzeichnis: Salz, 25,3 % Gemüse (8 % Zwiebeln*, 6 % Karotten*, 6 % Pastinaken*, SELLERIE*, Spinat*), Kartoffelstärke*, Zucker*, Gewürze (Zwiebelpulver*, Kurkuma*, Ingwer*, Knoblauch*, Pfeffer*), Kräuter (Liebstöckel*, Petersilie*), Sonnenblumenöl*. * Aus kontrolliert ökologischer Landwirtschaft. Kann GLUTENHALTIGES GETREIDE, EIER, MILCH, SENF und SOJA enthalten.",14,3,0,0,"0,6","0,2","0,1",1,https://www.edeka24.de/Lebensmittel/Wuerzmittel-Bruehen/Bruehen/Maggi-Bio-Ideen-vom-Wochenmarkt-Gemuese-Bouillon-ergibt-5-5L.html,https://www.edeka24.de/out/pictures/generated/product/1/540_540_90/bio_maggi_gembouillon_f55l.jpg
1475,Lebensmittel,Würzmittel & Brühen,Brühen,Alnatura Bio Rinder Bouillon 6ST 66G,"1,69 €","25,61 €/kg","inkl. MwSt., zzgl. 4.95 € Versandkosten.",lieferbar innerhalb von 2-5 Werktagen,2023-05-03 00:15:45.582483,Bio Rinderbrühwürfel,Hinweis zur Aufbewahrung: Bitte trocken lagern und vor Wärme schützen.,"Verantwortliches Lebensmittelunternehmen:
Alnatura GmbH, Mahatma-Gandhi-Straße 7, 64295 Darmstadt","Zutatenverzeichnis: Meersalz, Rinderfleischpulver* 12 %, Reisvollkornmehl*, Rinderfett* 9,8 %, Palmöl*, Zichorienextrakt*, Tomatenpulver* 2,4 %, Röstzwiebelpulver* 2,4 %, Gemüsesaft* konzentriert (Karotten*, Zwiebeln*), Hefeextrakt*, Knoblauch*, Kürbispulver*, Lorbeer*, Petersilie*, Steinpilzpulver* Liebstockwurzel*, Pfeffer*, Sonnenblumenöl*, Liebstöckelblätter*, Fenchelsamen* *aus biologischer Landwirtschaft. Kann Spuren von SELLERIE enthalten.",19,5,"0,5","0,2","0,5","0,5","0,5",1,https://www.edeka24.de/Lebensmittel/Wuerzmittel-Bruehen/Bruehen/Alnatura-Bio-Rinder-Bouillon-6ST-66G.html,https://www.edeka24.de/out/pictures/generated/product/1/540_540_90/alnatura_bio_rinder_bouillon_6x_11_g.jpg
1476,Lebensmittel,Würzmittel & Brühen,Brühen,Maggi Klare Suppe mit Rind für 16L 288G,"4,29 €","14,90 €/kg","inkl. MwSt., zzgl. 4.95 € Versandkosten.",lieferbar innerhalb von 2-5 Werktagen,2023-05-03 00:15:49.119633,"Suppe mit Rindsgeschmack, 6,4% Rindfleisch und Rinderfett",Hinweis zur Aufbewahrung: Trocken lagern und vor Wärme schützen.,"Verantwortliches Lebensmittelunternehmen:
Maggi GmbH, 78221 Singen (Hohentwiel)","Zutatenverzeichnis: 52,4 % Würzmischung* (Salz, Zwiebeln, Muskatnuss, Kurkuma, Koriander), Kartoffelstärke*, Zucker*, natürliche Aromen*, Rinderfett*, Aromen (mit WEIZEN), Rindfleisch*, Zwiebeln*, Karotten*, Kräuter* (SELLERIEBLÄTTER, Petersilie), karamellisierter Zucker*, Sonnenblumenöl*, Würze* (aus WEIZEN), Salz*, natürliches SELLERIEAROMA*, Antioxidationsmittel Extrakt aus Rosmarin*. Kann EIER, MILCH, SENF und SOJA enthalten. *Natürliche Zutaten",4,15,"0,1","0,1","0,5","0,3","0,1","0,93",https://www.edeka24.de/Lebensmittel/Wuerzmittel-Bruehen/Bruehen/Maggi-Klare-Suppe-mit-Rind-fuer-16L-288G.html,https://www.edeka24.de/out/pictures/generated/product/1/540_540_90/maggiklaresupperind.jpg
1477,Lebensmittel,Würzmittel & Brühen,Brühen,Alnatura Bio Gemüse Bouillon Nachfüllpackung 250G,"3,79 €","15,16 €/kg","inkl. MwSt., zzgl. 4.95 € Versandkosten.",lieferbar innerhalb von 2-5 Werktagen,2023-05-03 00:15:52.597048,"Bio Gemüsebrühe, klar, mit 25% Gemüse","Hinweis zur Aufbewahrung: Trocken lagern, vor Wärme schützen. Inhalt nach dem Öffnen in das Original-Glas umfüllen.","Verantwortliches Lebensmittelunternehmen:
Alnatura GmbH, Mahatma-Gandhi-Straße 7, 64295 Darmstadt","Zutatenverzeichnis: Meersalz, Gemüse* getrocknet und gemahlen 25 % (Karotten* 10%, Zwiebeln* 8%, SELLERIE*, Lauch* 2,1 %, Röstzwiebeln*, Kürbis*), Reisvollkornmehl*, Hefeextrakt*, Gemüsesaftkonzentrat* (Karotte*, Zwiebel*), Sonnenblumenöl*, Kurkuma*, Petersilie*, Lorbeerblätter*, Knoblauch*, Basilikum*, Ingwer*, Liebstöckelblätter*, Muskatnuss*, Liebstöckelwurzel*, Fenchelsamen* *aus biologischer Landwirtschaft. Kann Spuren von GLUTEN, EI, SOJA, MILCH und SENF enthalten.",10,2,"0,5","0,1","0,6","0,5","0,5","0,95",https://www.edeka24.de/Lebensmittel/Wuerzmittel-Bruehen/Bruehen/Alnatura-Bio-Gemuese-Bouillon-Nachfuellpackung-250G.html,https://www.edeka24.de/out/pictures/generated/product/1/540_540_90/alnatura_bio_gemse_bouillon_nachfllpackung_250_g.jpg
1478,Lebensmittel,Würzmittel & Brühen,Brühen,Alnatura Bio Gemüse Bouillon ohne Zusatz von Hefe 6ST 66G,"1,19 €","18,03 €/kg","inkl. MwSt., zzgl. 4.95 € Versandkosten.",lieferbar innerhalb von 2-5 Werktagen,2023-05-03 00:15:56.000110,"Bio Gemüsebrühwürfel mit 13,4 % getrocknetem und gemahlenem Gemüse",Hinweis zur Aufbewahrung: Bitte trocken lagern und vor Wärme schützen.,"Verantwortliches Lebensmittelunternehmen:
Alnatura GmbH, Mahatma-Gandhi-Straße 7, 64295 Darmstadt","Zutatenverzeichnis: Meersalz, Palmöl*, Reisvollkornmehl*, Zwiebeln* 6,5 %, Karotten* 3,7 %, Lauch*, Röstzwiebeln*, Petersilie*, Liebstöckelblätter*, Knoblauch*, Kurkuma*, Muskatnuss* Pfeffer* *aus biologischer Landwirtschaft. Kann Spuren von SELLERIE enthalten.",15,4,"0,5","0,2","0,5","0,5","0,5","1,1",https://www.edeka24.de/Lebensmittel/Wuerzmittel-Bruehen/Bruehen/Alnatura-Bio-Gemuese-Bouillon-ohne-Zusatz-von-Hefe-6ST-66G.html,https://www.edeka24.de/out/pictures/generated/product/1/540_540_90/alnatura_bio_gemse_bouillon_ohne_zusatz_von_hefe_klein_6x_11_g.jpg
1479,Lebensmittel,Würzmittel & Brühen,Brühen,Maggi Gemüse Brühe für 8L 168G,"2,29 €","13,63 €/kg","inkl. MwSt., zzgl. 4.95 € Versandkosten.",lieferbar innerhalb von 2-5 Werktagen,2023-05-03 00:16:00.260131,"Gemüse Brühe mit 11,8% Gemüse",Hinweis zur Aufbewahrung: Trocken lagern und vor Wärme schützen.,"Verantwortliches Lebensmittelunternehmen:
Maggi GmbH, 78221 Singen (Hohentwiel)","Zutatenverzeichnis: 45,9 % Würzmischung* (Salz, Kurkuma, Muskatnuss, Pfeffer), Zucker*, Sheafett, natürliche Aromen*, 7,1 % Zwiebeln*, Kartoffelstärke*, 4 % Karotten*, Lauch*, SELLERIESAMEN*, Kräuter* (Petersilie, SELLERIEBLÄTTER, Lorbeer), 0,3 % Tomaten*, Sonnenblumenöl*, Salz*, natürliches Gemüsearoma mit anderen natürlichen Aromen*, natürliches SELLERIEAROMA*, natürliches Knoblaucharoma*, natürliches Liebstöckelaroma*, Würze* (aus WEIZEN). Kann EIER, MILCH, SOJA und SENF enthalten. *natürliche Zutaten",21,5,"0,2","0,1","0,6","0,4","0,1","1,1",https://www.edeka24.de/Lebensmittel/Wuerzmittel-Bruehen/Bruehen/Maggi-Gemuese-Bruehe-fuer-8L-168G.html,https://www.edeka24.de/out/pictures/generated/product/1/540_540_90/maggi_gemamp252se_bramp252he_famp252r_8l_160g.jpg
1480,Lebensmittel,Würzmittel & Brühen,Brühen,Knorr Bouillon Pur Huhn 6ST 168G,"1,99 €","11,85 €/kg","inkl. MwSt., zzgl. 4.95 € Versandkosten.",lieferbar innerhalb von 2-5 Werktagen,2023-05-03 00:16:05.330757,-,Hinweis zur Aufbewahrung: Kühl und vor Licht geschützt aufbewahren. Nach dem Öffnen im Kühlschrank lagern und innerhalb von 3 Tagen konsumieren.,"Verantwortliches Lebensmittelunternehmen:
Unilever Deutschland Holding GmbH, Am Strandkai 1 , D-20457 Hamburg","Zutatenverzeichnis: 59% konzentrierte Hühnerbrühe (Trinkwasser, Hühnerfleisch), Speisesalz, Palmöl, Zucker, Hefeextrakt, 2% Hühnerfett, Karotten, Aromen (mit GERSTE), Lauch, Verdickungsmittel (Xanthan, Johannisbrotkernmehl), Knoblauch, Petersilie, karamellisierter Zucker, Maltodextrin, Pfeffer, Farbstoff Carotine.",5,25,"0,4","0,2","0,3","0,2","0,1","1,2",https://www.edeka24.de/Lebensmittel/Wuerzmittel-Bruehen/Bruehen/Knorr-Bouillon-Pur-Huhn-6ST-168G.html,https://www.edeka24.de/out/pictures/generated/product/1/540_540_90/knorr-bouillon-pur-huhn.jpg
1481,Lebensmittel,Würzmittel & Brühen,Brühen,"Maggi Gemüse Bouillon für 3,5L 160G","2,29 €","14,31 €/kg","inkl. MwSt., zzgl. 4.95 € Versandkosten.",lieferbar innerhalb von 2-5 Werktagen,2023-05-03 00:16:10.077434,"Gemüse Bouillon mit 5,5% Gemüse",,"Verantwortliches Lebensmittelunternehmen:
Maggi GmbH, Julius-Bührer-Straße 8, 78224 Singen","Zutatenverzeichnis: 69,4 % Gemüsebouillon (Wasser*, Salz, Hefeextrakt, Sonnenblumenöl*, 2 % Karotten*, Zwiebeln*, Lauch*, Maisstärke*, Zitronensaftkonzentrat*, Knoblauch*, Meersalz*, 0,2 % SELLERIE*), Wasser*, Zucker*, Maisstärke*, Kurkuma*, Aromen (mit SELLERIEÖL). Kann MILCH enthalten. *natürliche Zutaten",19,5,"0,1",0,"0,6","0,4","0,2","0,79",https://www.edeka24.de/Lebensmittel/Wuerzmittel-Bruehen/Bruehen/Maggi-Gemuese-Bouillon-fuer-3-5L-160G.html,https://www.edeka24.de/out/pictures/generated/product/1/540_540_90/maggigemsebouillon(1).jpg
1482,Lebensmittel,Würzmittel & Brühen,Brühen,"Maggi Rinder Bouillon für 3,5L 160G","2,29 €","14,31 €/kg","inkl. MwSt., zzgl. 4.95 € Versandkosten.",lieferbar innerhalb von 2-5 Werktagen,2023-05-03 00:16:14.300438,"Rinder Bouillon mit 7,1% Rinderfett und Rindfleischextrakt",,"Verantwortliches Lebensmittelunternehmen:
Maggi GmbH, Julius-Bührer-Straße 8, 78224 Singen","Zutatenverzeichnis: 66,3 % Rinderbouillon (Wasser*, Salz, Rinderfett*, Hefeextrakt, Rindfleischextrakt**, Maisstärke*, Zitronensaftkonzentrat*, Antioxidationsmittel Extrakt aus Rosmarin*), Wasser*, Zucker*, Maisstärke*, Aromen (mit WEIZEN). Kann SELLERIE enthalten. *natürliche Zutaten **langsam eingekocht",22,5,"0,2","0,1","0,6","0,3","0,2","1,3",https://www.edeka24.de/Lebensmittel/Wuerzmittel-Bruehen/Bruehen/Maggi-Rinder-Bouillon-fuer-3-5L-160G.html,https://www.edeka24.de/out/pictures/generated/product/1/540_540_90/maggi_eingekochte_bouillon_rind_famp252r_35l_160g.jpg
1483,Lebensmittel,Würzmittel & Brühen,Brühen,"Maggi Hühner Bouillon für 3,5L 160G","2,29 €","14,31 €/kg","inkl. MwSt., zzgl. 4.95 € Versandkosten.",lieferbar innerhalb von 2-5 Werktagen,2023-05-03 00:16:18.022318,"Hühner Bouillon mit 7,2% Hühnerfett und Hühnerextrakt.",Hinweis zur Aufbewahrung: Trocken lagern und vor Wärme schützen. Nach dem Öffnen 2 Wochen im Kühlschrank haltbar.,"Verantwortliches Lebensmittelunternehmen:
Maggi GmbH, Julius-Bührer-Straße 8, 78224 Singen","Zutatenverzeichnis: 69,4 % Hühnerbouillon [Wasser*, Salz, Hefeextrakt, Hühnerfett*, konzentrierte Hühnerbrühe* (Wasser, Hühnerextrakt**, Salz), Maisstärke*, Zitronensaftkonzentrat*, Antioxidationsmittel Rosmarinextrakt*], Wasser*, Zucker*, Maisstärke*, Kurkuma*, Aromen (mit WEIZEN, SELLERIE). Kann MILCH enthalten. *natürliche Zutaten **langsam eingekocht",23,6,"0,3","0,1","0,5","0,3","0,2","0,79",https://www.edeka24.de/Lebensmittel/Wuerzmittel-Bruehen/Bruehen/Maggi-Huehner-Bouillon-fuer-3-5L-160G.html,https://www.edeka24.de/out/pictures/generated/product/1/540_540_90/maggi_eingekochte_bouillon_huhn_famp252r_35l_160g.jpg
1485,Lebensmittel,Würzmittel & Brühen,Brühen,Bio Gourmet Brühwürfel mit Rind 8ST 96G,"1,79 €","18,65 €/kg","inkl. MwSt., zzgl. 4.95 € Versandkosten.",lieferbar innerhalb von 2-5 Werktagen,2023-05-03 00:16:24.427174,"Klare Brühe mit 5,9% Rindfleisch",,"Verantwortliches Lebensmittelunternehmen:
Bio Gourmet GmbH, 71729 Erdmannshausen","Zutatenverzeichnis: Meersalz, Stärke* (Kartoffel*, Mais*), Glukosesirup*, Palmöl*, Rindfleischpulver* 5,9%, Rinderfett* 2,3%, Zucker*, Röstzwiebelpulver* 2,3%, Karamellzucker*, Tomaten*, Gewürze*, Knoblauch*, Kräuter*. *aus kontrolliert biologischem Anbau",32,8,"0,4","0,2","0,9","0,2","0,1","0,9",https://www.edeka24.de/Lebensmittel/Wuerzmittel-Bruehen/Bruehen/Bio-Gourmet-Bruehwuerfel-mit-Rind-8ST-96G.html,https://www.edeka24.de/out/pictures/generated/product/1/540_540_90/biogourmetbrhwrfelrind.jpg
1486,Lebensmittel,Würzmittel & Brühen,Essig,Alnatura Bio Aceto Balsamico 500ML,"3,29 €","6,58 €/l","inkl. MwSt., zzgl. 4.95 € Versandkosten.",lieferbar innerhalb von 2-5 Werktagen,2023-05-03 00:16:27.823352,Bio Balsamessig aus Modena,Hinweis zur Aufbewahrung: Mindestens haltbar bis: siehe Aufdruck,"Verantwortliches Lebensmittelunternehmen:
Alnatura GmbH, Mahatma-Gandhi-Straße 7, 64295 Darmstadt","Zutatenverzeichnis: Rotweinessig*, Traubenmost* konzentriert *aus biologischer Landwirtschaft . Enthält Sulfite",449,105,"0,5","0,1",21,20,"0,7","0,05",https://www.edeka24.de/Lebensmittel/Wuerzmittel-Bruehen/Essig/Alnatura-Bio-Aceto-Balsamico-500ML.html,https://www.edeka24.de/out/pictures/generated/product/1/540_540_90/alnatura_bio_aceto_balsamico_500_ml.jpg
1487,Lebensmittel,Würzmittel & Brühen,Essig,Alnatura Bio Apfelessig naturtrüb 500ML,"1,79 €","3,58 €/l","inkl. MwSt., zzgl. 4.95 € Versandkosten.",lieferbar innerhalb von 2-5 Werktagen,2023-05-03 00:16:32.080984,Bio Apfelessig,Hinweis zur Aufbewahrung: Vor Wärme und direktem Sonnenlicht schützen.,"Verantwortliches Lebensmittelunternehmen:
Alnatura GmbH, Mahatma-Gandhi-Straße 7, 64295 Darmstadt",,99,23,"0,5","0,1",2,2,"0,5","0,01",https://www.edeka24.de/Lebensmittel/Wuerzmittel-Bruehen/Essig/Alnatura-Bio-Apfelessig-naturtrueb-500ML.html,https://www.edeka24.de/out/pictures/generated/product/1/540_540_90/alnatura_bio_apfelessig_naturtrb.jpg
1489,Lebensmittel,Würzmittel & Brühen,Essig,Alnatura Origin Bio Crema Con Aceto Balsamico di Modena 250ML,"3,49 €","13,96 €/l","inkl. MwSt., zzgl. 4.95 € Versandkosten.",lieferbar innerhalb von 2-5 Werktagen,2023-05-03 00:16:38.911087,"Bio Reduktion aus Traubenmost, konzentriert und Balsamessig aus Modena",Hinweis zur Aufbewahrung: Vor Gebrauch schütteln. Nach dem Öffnen im Kühlschrank aufbewahren.,"Verantwortliches Lebensmittelunternehmen:
Alnatura GmbH, Darmstädter Str. 63, 64404 Bickenbach","Zutatenverzeichnis: Traubenmost* konzentriert, Aceto Balsamico di Modena g.g.A.* 23% (Rotweinessig*, Traubenmost* konzentriert),Verdickungsmittel: Maisstärke* *aus biologischer Landwirtschaft . Enthält SULFITE.",1064,250,"0,5","0,1",59,53,1,"0,07",https://www.edeka24.de/Lebensmittel/Wuerzmittel-Bruehen/Essig/Alnatura-Origin-Bio-Crema-Con-Aceto-Balsamico-di-Modena-250ML.html,https://www.edeka24.de/out/pictures/generated/product/1/540_540_90/bio_alnatura_crema_con_aceto_balsamico_di_modena_origin_250ml.jpg
1491,Lebensmittel,Würzmittel & Brühen,Essig,"Byodo Bio Aceto Balsamico di Modena 0,5L","5,99 €","11,98 €/l","inkl. MwSt., zzgl. 4.95 € Versandkosten.",lieferbar innerhalb von 2-5 Werktagen,2023-05-03 00:16:45.280613,-,,"Verantwortliches Lebensmittelunternehmen:
Byodo Naturkost GmbH, D-84453 Mühldorf","Zutatenverzeichnis: Zutaten: Rotweinessig*, konzentrierter Traubenmost*. *kontrolliert biologischer Anbau",553,130,0,0,27,26,"0,6","0,02",https://www.edeka24.de/Lebensmittel/Wuerzmittel-Bruehen/Essig/Byodo-Bio-Aceto-Balsamico-di-Modena-0-5L.html,https://www.edeka24.de/out/pictures/generated/product/1/540_540_90/byodoaceto.jpg
1492,Lebensmittel,Würzmittel & Brühen,Essig,Deutsches Essig-Brauhaus 1868 Balsamico Essig 250ML,"4,79 €","19,16 €/l","inkl. MwSt., zzgl. 4.95 € Versandkosten.",lieferbar innerhalb von 2-5 Werktagen,2023-05-03 00:16:48.950158,"""Essigkomposition """"1868"""" aus altem Weinessig und eingekochtem Traubenmost""",Hinweis zur Aufbewahrung: Bitte dunkel lagern,"Verantwortliches Lebensmittelunternehmen:
Balema Badische Lebensmittel GmbH, Schlossergasse 28, D-77694 Kehl","Zutatenverzeichnis: Weinessig, konzentrierter Traubenmost",583,137,"0,1","0,1","29,8","29,8","0,5","0,01",https://www.edeka24.de/Lebensmittel/Wuerzmittel-Bruehen/Essig/Deutsches-Essig-Brauhaus-1868-Balsamico-Essig-250ML.html,https://www.edeka24.de/out/pictures/generated/product/1/540_540_90/1.deutsch.essigbr.-1868-025l_preview_1.jpg
1493,Lebensmittel,Würzmittel & Brühen,Essig,Deutsches Essig-Brauhaus Apfel Balemasam 350ML,"4,49 €","12,83 €/l","inkl. MwSt., zzgl. 4.95 € Versandkosten.",lieferbar innerhalb von 2-5 Werktagen,2023-05-03 00:16:52.503815,Essigkomposition aus Apfelwein und eingekochtem Apfelsaft,,"Verantwortliches Lebensmittelunternehmen:
Balema Badische Lebensmittel GmbH, Schlossergasse 28, D-77694 Kehl","Zutatenverzeichnis: Apfelessig, reduzierter Apfelmost.",349,82,"0,5","0,1",17,17,"0,5","0,01",https://www.edeka24.de/Lebensmittel/Wuerzmittel-Bruehen/Essig/Deutsches-Essig-Brauhaus-Apfel-Balemasam-350ML.html,https://www.edeka24.de/out/pictures/generated/product/1/540_540_90/balemasam_apfel_2017.jpg
1494,Lebensmittel,Würzmittel & Brühen,Essig,Deutsches Essig-Brauhaus Balemasam Holunderblüte 250ML,"4,59 €","18,36 €/l","inkl. MwSt., zzgl. 4.95 € Versandkosten.",lieferbar innerhalb von 2-5 Werktagen,2023-05-03 00:16:56.204814,Essigkomposition aus Weissweinessig mit Holunderblütenauszug.,,"Verantwortliches Lebensmittelunternehmen:
Balema Badische Lebensmittel GmbH, Schlossergasse 28, D-77694 Kehl","Zutatenverzeichnis: Weinessig, Zucker, Auszug von frischen Holunderblüten.",416,98,"0,1","0,1","20,3","20,2","0,2","0,01",https://www.edeka24.de/Lebensmittel/Wuerzmittel-Bruehen/Essig/Deutsches-Essig-Brauhaus-Balemasam-Holunderbluete-250ML.html,https://www.edeka24.de/out/pictures/generated/product/1/540_540_90/balemasam_holunderblu-te_2017.jpg
1495,Lebensmittel,Würzmittel & Brühen,Essig,Deutsches Essig-Brauhaus Deutscher Balsamico fruchtig 350ML,"4,49 €","12,83 €/l","inkl. MwSt., zzgl. 4.95 € Versandkosten.",lieferbar innerhalb von 2-5 Werktagen,2023-05-03 00:16:59.739431,Fruchtige Essigkomposition aus Weinessig und Traubenmost,,"Verantwortliches Lebensmittelunternehmen:
Balema GmbH, Schlossergasse 28, D-77694 Kehl","Zutatenverzeichnis: 75 % Weinessig, 25 % konzentrierter Traubenmost.",416,98,"0,1","0,1","20,4","20,4","0,3","0,02",https://www.edeka24.de/Lebensmittel/Wuerzmittel-Bruehen/Essig/Deutsches-Essig-Brauhaus-Deutscher-Balsamico-fruchtig-350ML.html,https://www.edeka24.de/out/pictures/generated/product/1/540_540_90/deutsches_essigbrauhaus_deutscher_balsamico_fruchtig.jpg
1496,Lebensmittel,Würzmittel & Brühen,Essig,Deutsches Essig-Brauhaus Deutscher Balsamico würzig 350ML,"4,49 €","12,83 €/l","inkl. MwSt., zzgl. 4.95 € Versandkosten.",lieferbar innerhalb von 2-5 Werktagen,2023-05-03 00:17:03.979518,würzige Essigkomposition aus Weinessig und Traubenmost,Hinweis zur Aufbewahrung: Bitte dunkel lagern,"Verantwortliches Lebensmittelunternehmen:
Balema Badische Lebensmittel GmbH, Schlossergasse 28, D-77694 Kehl","Zutatenverzeichnis: Weinessig, konzentrierter Traubenmost",416,98,"0,1","0,1","20,6","20,6","0,3","0,0",https://www.edeka24.de/Lebensmittel/Wuerzmittel-Bruehen/Essig/Deutsches-Essig-Brauhaus-Deutscher-Balsamico-wuerzig-350ML.html,https://www.edeka24.de/out/pictures/generated/product/1/540_540_90/debdeutbalsamwrz.jpg
1497,Lebensmittel,Würzmittel & Brühen,Essig,Deutsches Essig-Brauhaus Himbeer Essig 250ML,"4,29 €","17,16 €/l","inkl. MwSt., zzgl. 4.95 € Versandkosten.",lieferbar innerhalb von 2-5 Werktagen,2023-05-03 00:17:07.815004,Essigkomposition - Himbeeressig aus reinem Himbeerwein,Hinweis zur Aufbewahrung: Bitte dunkel lagern,"Verantwortliches Lebensmittelunternehmen:
Balema Badische Lebensmittel GmbH, Schlossergasse 28, D-77694 Kehl","Zutatenverzeichnis: Himbeeressig, konzentrierter Himbeersaft",90,21,"0,1","0,1","0,2","0,2","0,1","0,0",https://www.edeka24.de/Lebensmittel/Wuerzmittel-Bruehen/Essig/Deutsches-Essig-Brauhaus-Himbeer-Essig-250ML.html,https://www.edeka24.de/out/pictures/generated/product/1/540_540_90/deutscher-essigbr.-himbeer-essig.png
1498,Lebensmittel,Würzmittel & Brühen,Essig,EDEKA Bio Aceto Balsamico di Modena g.g.A. 500ML,"2,59 €","5,18 €/l","inkl. MwSt., zzgl. 4.95 € Versandkosten.",lieferbar innerhalb von 2-5 Werktagen,2023-05-03 00:17:11.812326,Aceto Balsamico di Modena g.g.A.,Hinweis zur Aufbewahrung: Vor Wärme geschützt und trocken lagern.,"Verantwortliches Lebensmittelunternehmen:
EDEKA ZENTRALE Stiftung & Co. KG, D-22291 Hamburg","Zutatenverzeichnis: Weinessig* (enthält SULFITE), konzentrierter Traubenmost*, eingekochter Traubenmost*. *aus kontrolliert ökologischer Landwirtschaft",558,131,0,0,27,26,1,"0,05",https://www.edeka24.de/Lebensmittel/Wuerzmittel-Bruehen/Essig/EDEKA-Bio-Aceto-Balsamico-di-Modena-g-g-A-500ML.html,https://www.edeka24.de/out/pictures/generated/product/1/540_540_90/bio_edeka_aceto_balsamico_di_modena_gga_500ml.jpg
1499,Lebensmittel,Würzmittel & Brühen,Essig,EDEKA Bio Apfelessig klar 750ML,"2,19 €","2,92 €/l","inkl. MwSt., zzgl. 4.95 € Versandkosten.",lieferbar innerhalb von 2-5 Werktagen,2023-05-03 00:17:15.374519,Apfelessig Klar 5% Säure,,"Verantwortliches Lebensmittelunternehmen:
EDEKA ZENTRALE Stiftung & Co. KG, D-22291 Hamburg",,74,17,"0,1","0,1","0,2","0,2","0,1","0,005",https://www.edeka24.de/Lebensmittel/Wuerzmittel-Bruehen/Essig/EDEKA-Bio-Apfelessig-klar-750ML.html,https://www.edeka24.de/out/pictures/generated/product/1/540_540_90/bio_eapfelessig_klar_5_750ml.jpg
1500,Lebensmittel,Würzmittel & Brühen,Essig,Edeka Italia Aceto Balsamico di Modena I.G.P. Invecchiato 250ML,"5,29 €","21,16 €/l","inkl. MwSt., zzgl. 4.95 € Versandkosten.",lieferbar innerhalb von 2-5 Werktagen,2023-05-03 00:17:19.287734,Aceto Balsamico di Modena I.G.P. Invecchiato,Hinweis zur Aufbewahrung: Kühl und lichtgeschützt aufbewahren.,"Verantwortliches Lebensmittelunternehmen:
EDEKA ZENTRALE Stiftung & Co. KG, D-22291 Hamburg","Zutatenverzeichnis: 51% Trauenmostkonzentrat (enthält SULFITE), Weinessig (enthält SULFITE).",875,205,0,0,"45,6","40,3","1,3","0,08",https://www.edeka24.de/Lebensmittel/Wuerzmittel-Bruehen/Essig/Edeka-Italia-Aceto-Balsamico-di-Modena-I-G-P-Invecchiato-250ML.html,https://www.edeka24.de/out/pictures/generated/product/1/540_540_90/edeka_italia_aceto_balsamico_di_modena_igp_invecchiato_250ml.jpg
1501,Lebensmittel,Würzmittel & Brühen,Essig,Feldmann Wein-Branntwein-Essig 1L,"0,69 €","0,69 €/l","inkl. MwSt., zzgl. 4.95 € Versandkosten.",lieferbar innerhalb von 2-5 Werktagen,2023-05-03 00:17:22.867346,Wein- Branntwein-Essig aus 1/4 Wein und 3/4 Branntwein 5% Säure biologisch gewonnen,,"Verantwortliches Lebensmittelunternehmen:
Friedrich Feldmann GmbH & Co. KG, Bannwaldallee 40, 76185 Karlsruhe","Zutatenverzeichnis: Branntweinessig (75%), Weinessig (25%), Farbstoff Ammonsulfit-Zuckerkulör",69,16,"0,1","0,1","0,1","0,1","0,1","0,1",https://www.edeka24.de/Lebensmittel/Wuerzmittel-Bruehen/Essig/Feldmann-Wein-Branntwein-Essig-1L.html,https://www.edeka24.de/out/pictures/generated/product/1/540_540_90/feldmannwein-branntweinessig.jpg
1502,Lebensmittel,Würzmittel & Brühen,Essig,Hengstenberg 13 Kräuter-Essig 750ML,"1,79 €","2,39 €/l","inkl. MwSt., zzgl. 4.95 € Versandkosten.",lieferbar innerhalb von 2-5 Werktagen,2023-05-03 00:17:26.522032,"Branntweinessig , 5 % Säure, naturvergoren",,"Verantwortliches Lebensmittelunternehmen:
Hengstenberg GmbH & Co. KG, 73726 Esslingen","Zutatenverzeichnis: Branntweinessig, Zucker, Salz natürliche Kräuter-Gewürze-Aromen, natürliche Aromen, Apfelextrakt",73,17,0,0,"0,1","0,1",0,"0,113",https://www.edeka24.de/Lebensmittel/Wuerzmittel-Bruehen/Essig/Hengstenberg-13-Kraeuter-Essig-750ML.html,https://www.edeka24.de/out/pictures/generated/product/1/540_540_90/hengstenberg_13_kruteressig_750_ml.jpg
1503,Lebensmittel,Würzmittel & Brühen,Essig,Hengstenberg Aceto Balsamico di Modena 500ML,"3,79 €","7,58 €/l","inkl. MwSt., zzgl. 4.95 € Versandkosten.",lieferbar innerhalb von 2-5 Werktagen,2023-05-03 00:17:29.712721,"Essig aus Weinessig und Traubenmostkonzentrat, 6% Säure, naturvergoren",,"Verantwortliches Lebensmittelunternehmen:
Hengstberg GmbH & Co.KG, Mettinger Straße 109, D-73728 Esslingen","Zutatenverzeichnis: Weinessig, Traubenmostkonzentrat (25 %), Farbstoff E 150 d, Antioxidationsmittel KALIUMMETABISULFIT E 224",443,104,g,0,"20,4","20,4","0,5","0,05",https://www.edeka24.de/Lebensmittel/Wuerzmittel-Bruehen/Essig/Hengstenberg-Aceto-Balsamico-di-Modena-500ML.html,https://www.edeka24.de/out/pictures/generated/product/1/540_540_90/hengstenberg_aceto_balsamico_di_modena_500_ml.jpg
1504,Lebensmittel,Würzmittel & Brühen,Essig,Hengstenberg Aceto Balsamico di Modena Walnuss 250ML,"2,49 €","9,96 €/l","inkl. MwSt., zzgl. 4.95 € Versandkosten.",lieferbar innerhalb von 2-5 Werktagen,2023-05-03 00:17:33.260711,"Essigspezialität aus ""Aceto Balsamico di Modena I.G.P."" und Walnussextrakt, 6 %Säure, natur vergoren",,"Verantwortliches Lebensmittelunternehmen:
Hengstenberg GmbH & Co. KG, 73726 Esslingen","Zutatenverzeichnis: 99% ""Aceto Balsamico di Modena I.G.P."" (Weinessig, Traubenmostkonzentrat [25%], Farbstoff E 150 d, Antioxidationsmittel KALIUMMETABISULFIT), WALNUSSEXTRAKT, natürliches WALNUSS-AROMA mit anderen natürlichen Aromen (enthält GERSTE), natürliches Aroma",443,104,0,0,"20,9","20,4","0,5","0,05",https://www.edeka24.de/Lebensmittel/Wuerzmittel-Bruehen/Essig/Hengstenberg-Aceto-Balsamico-di-Modena-Walnuss-250ML.html,https://www.edeka24.de/out/pictures/generated/product/1/540_540_90/hengstenberg_aceto_balsamico_di_modena_walnuss_250_ml.jpg
1505,Lebensmittel,Würzmittel & Brühen,Essig,Hengstenberg Alte Liebe Rotweinessig 750ML,"2,49 €","3,32 €/l","inkl. MwSt., zzgl. 4.95 € Versandkosten.",lieferbar innerhalb von 2-5 Werktagen,2023-05-03 00:17:39.050116,"Weinessig, 6 % Säure, naturvergoren",,"Verantwortliches Lebensmittelunternehmen:
Hengstenberg GmbH & Co. KG, 73726 Esslingen","Zutatenverzeichnis: Rotweinessig, natürliche Aromen (enthält WEIZEN und GERSTE), Antioxidationsmittel KALIUMMETABISULFIT",90,21,0,0,"0,3","0,3",0,"0,015",https://www.edeka24.de/Lebensmittel/Wuerzmittel-Bruehen/Essig/Hengstenberg-Alte-Liebe-Rotweinessig-750ML.html,https://www.edeka24.de/out/pictures/generated/product/1/540_540_90/hengstenberg_alte_liebe_rotweinessig_750_ml.jpg
1506,Lebensmittel,Würzmittel & Brühen,Essig,Hengstenberg Altmeister Kräuterwürzessig 750ML,"1,49 €","1,99 €/l","inkl. MwSt., zzgl. 4.95 € Versandkosten.",lieferbar innerhalb von 2-5 Werktagen,2023-05-03 00:17:44.968512,"Essig aus 1/3 Wein- und 2/3 Branntwein, 5 %Säure, naturvergoren",,"Verantwortliches Lebensmittelunternehmen:
Hengstberg GmbH & Co.KG, Mettinger Straße 109, D-73728 Esslingen","Zutatenverzeichnis: Branntweinessig, Weinessig (33 %), Salz, natürliche Kräuter-Gewürze-Aromen (enthält SELLERIE), natürliches Aroma, Zucker, Farbstoff E 150 d, Antioxidationsmittel KALIUMMETABISULFIT",78,18,g,0,"0,2","0,2","0,188","3,7",https://www.edeka24.de/Lebensmittel/Wuerzmittel-Bruehen/Essig/Hengstenberg-Altmeister-Kraeuterwuerzessig-750ML.html,https://www.edeka24.de/out/pictures/generated/product/1/540_540_90/hengstenberg_altmeister_kruterwrzessig_750_ml.jpg
1507,Lebensmittel,Würzmittel & Brühen,Essig,Hengstenberg Altmeister Weinwürziger Essig 750ML,"1,49 €","1,99 €/l","inkl. MwSt., zzgl. 4.95 € Versandkosten.",lieferbar innerhalb von 2-5 Werktagen,2023-05-03 00:17:49.433374,"Essig aus 1/3 Wein- und 2/3 Branntwein, 5 % Säure, naturvergoren",,"Verantwortliches Lebensmittelunternehmen:
Hengstberg GmbH & Co.KG, Mettinger Straße 109, D-73728 Esslingen","Zutatenverzeichnis: Branntweinessig, Weinessig (33%), natürliches Kräuter-Aroma (enthält WEIZEN und GERSTE), Farbstoff E 150 d, Antioxidationsmittel KALIUMMETABISULFIT",71,16,0,g,"0,1","0,1",0,"0,019",https://www.edeka24.de/Lebensmittel/Wuerzmittel-Bruehen/Essig/Hengstenberg-Altmeister-Weinwuerziger-Essig-750ML.html,https://www.edeka24.de/out/pictures/generated/product/1/540_540_90/hengstenberg_altmeister_weinwrziger_essig_750ml.jpg
1508,Lebensmittel,Würzmittel & Brühen,Essig,Hengstenberg Apfel Essig 750ML,"2,69 €","3,59 €/l","inkl. MwSt., zzgl. 4.95 € Versandkosten.",lieferbar innerhalb von 2-5 Werktagen,2023-05-03 00:17:53.131502,"Apfelessig, 5 % Säure, naturvergoren",,"Verantwortliches Lebensmittelunternehmen:
Hengstenberg GmbH & Co. KG, 73726 Esslingen","Zutatenverzeichnis: Apfelessig, Antioxidationsmittel Ascorbinsäure",78,18,0,0,"0,7",0,0,0,https://www.edeka24.de/Lebensmittel/Wuerzmittel-Bruehen/Essig/Hengstenberg-Apfel-Essig-750ML.html,https://www.edeka24.de/out/pictures/generated/product/1/540_540_90/hengstenberg_apfel_essig_750_ml.jpg
1509,Lebensmittel,Würzmittel & Brühen,Essig,Hengstenberg Balsamico Bianco mit Orange 250ML,"2,49 €","9,96 €/l","inkl. MwSt., zzgl. 4.95 € Versandkosten.",lieferbar innerhalb von 2-5 Werktagen,2023-05-03 00:17:57.086093,"Essig aus Weissweinessig und Traubensaft- und Orangensaftkonzentrat, 5,4 % Säure, naturvergoren",,"Verantwortliches Lebensmittelunternehmen:
Hengstenberg GmbH & Co. KG, 73726 Esslingen","Zutatenverzeichnis: Balsamessig (Weißweinessig, Traubensaftkonzentrat [20%]), Orangensaftkonzentrat (1%), Orangenschalen-Extrakt, natürliches Orangen-Aroma mit anderen natürlichen Aromen, Antioxidationsmittel KALIUMMETABISULFIT",430,101,0,0,"20,8","20,8",0,"0,006",https://www.edeka24.de/Lebensmittel/Wuerzmittel-Bruehen/Essig/Hengstenberg-Balsamico-Bianco-mit-Orange-250ML.html,https://www.edeka24.de/out/pictures/generated/product/1/540_540_90/hengstenberg_balsamico_bianco_mit_orange_250_ml.jpg
1510,Lebensmittel,Würzmittel & Brühen,Essig,Hengstenberg Condimento Balsamico Bianco 500ML,"3,79 €","7,58 €/l","inkl. MwSt., zzgl. 4.95 € Versandkosten.",lieferbar innerhalb von 2-5 Werktagen,2023-05-03 00:18:00.727827,"Essig aus Weißweinessig und Traubensaftkonzentrat, 5,4% Säure, naturvergoren",,"Verantwortliches Lebensmittelunternehmen:
Hengstenberg GmbH & Co.KG, Mettinger Straße 109, D-73728 Esslingen","Zutatenverzeichnis: Weinessig, Traubensaftkonzentrat (25%), Antioxidationsmittel KALIUMMETABISULFIT",436,102,0,0,"20,75","20,75","0,363","0,015",https://www.edeka24.de/Lebensmittel/Wuerzmittel-Bruehen/Essig/Hengstenberg-Condimento-Balsamico-Bianco-500ML.html,https://www.edeka24.de/out/pictures/generated/product/1/540_540_90/hengstenberg_condimento_balsamico_bianco_500_ml.jpg
1511,Lebensmittel,Würzmittel & Brühen,Essig,Hengstenberg Einmach Meister 750ML,"1,89 €","2,52 €/l","inkl. MwSt., zzgl. 4.95 € Versandkosten.",lieferbar innerhalb von 2-5 Werktagen,2023-05-03 00:18:03.986078,Einmachsaucen-Konzentrat für Einlegegurken mit Zucker und Süßungsmittel,,"Verantwortliches Lebensmittelunternehmen:
Hengstenberg GmbH & Co. KG, 73726 Esslingen","Zutatenverzeichnis: Branntweinessig, Zucker, Salz, natürliche Kräuter-Gewürze-Aromen, Apfelextrakt, Süßungsmittel Natriumsaccharin",159,37,0,0,"5,5","5,5",0,"8,4",https://www.edeka24.de/Lebensmittel/Wuerzmittel-Bruehen/Essig/Hengstenberg-Einmach-Meister-750ML.html,https://www.edeka24.de/out/pictures/generated/product/1/540_540_90/hengstenberg_einmach_meister_750_ml.jpg
1512,Lebensmittel,Würzmittel & Brühen,Essig,Hengstenberg Essig Essenz naturvergoren 20% 500G,"1,59 €","3,18 €/kg","inkl. MwSt., zzgl. 4.95 € Versandkosten.",lieferbar innerhalb von 2-5 Werktagen,2023-05-03 00:18:07.752475,"Essigessenz aus Branntweinessig, 20% Säure, naturvergoren und vegan",Hinweis zur Aufbewahrung: Aufrecht transportieren und lagern.,"Verantwortliches Lebensmittelunternehmen:
Hengstenberg GmbH & Co. KG, 73726 Esslingen",,16,71,0,0,0,0,0,0,https://www.edeka24.de/Lebensmittel/Wuerzmittel-Bruehen/Essig/Hengstenberg-Essig-Essenz-naturvergoren-20-500G.html,https://www.edeka24.de/out/pictures/generated/product/1/540_540_90/hengstenberg_essig_essenz_naturvergoren_20_500_g(1).jpg
1513,Lebensmittel,Würzmittel & Brühen,Essig,Hengstenberg Essig Himbeere 500ML,"3,79 €","7,58 €/l","inkl. MwSt., zzgl. 4.95 € Versandkosten.",lieferbar innerhalb von 2-5 Werktagen,2023-05-03 00:18:11.687416,"Essig aus 1/3 Wein, 2/3 Branntwein, 5 % Säure, naturvergoren",,"Verantwortliches Lebensmittelunternehmen:
Hengstenberg GmbH & Co. KG, 73726 Esslingen","Zutatenverzeichnis: Branntweinessig, Weinessig (33%), Traubensaftkonzentrat, Himbeersaftkonzentrat (2%), natürliches Himbeer-Aroma, natürliches Aroma, Antioxidationsmittel KALIUMMETABISULFIT",127,30,0,0,"1,2","1,2",0,"0,005",https://www.edeka24.de/Lebensmittel/Wuerzmittel-Bruehen/Essig/Hengstenberg-Essig-Himbeere-500ML.html,https://www.edeka24.de/out/pictures/generated/product/1/540_540_90/hengstenberg_essig_himbeere_500_ml.jpg
1514,Lebensmittel,Würzmittel & Brühen,Essig,Hengstenberg Feiner Walnuss Essig 500ML,"3,79 €","7,58 €/l","inkl. MwSt., zzgl. 4.95 € Versandkosten.",lieferbar innerhalb von 2-5 Werktagen,2023-05-03 00:18:15.248121,"Weinessig, 6 % Säure, naturvergoren",,"Verantwortliches Lebensmittelunternehmen:
Hengstenberg GmbH & Co. KG, 73726 Esslingen","Zutatenverzeichnis: Weißweinessig, natürliches WALNUSS-AROMA mit anderen natürlichen Aromen (enthält GERSTE), Antioxidationsmittel KALIUMMETABISULFIT",21,89,0,0,"0,1","0,1",0,"0,011",https://www.edeka24.de/Lebensmittel/Wuerzmittel-Bruehen/Essig/Hengstenberg-Feiner-Walnuss-Essig-500ML.html,https://www.edeka24.de/out/pictures/generated/product/1/540_540_90/hengstenberg_feiner_walnuss_essig_500_ml.jpg
1515,Lebensmittel,Würzmittel & Brühen,Essig,Hengstenberg Klassischer Kräuter Essig 500ML,"2,99 €","5,98 €/l","inkl. MwSt., zzgl. 4.95 € Versandkosten.",lieferbar innerhalb von 2-5 Werktagen,2023-05-03 00:18:18.692667,"Essig aus Branntweinessig (90%) und Weinessig (10%), mit Kräutern verfeinert, 5 % Säure, naturvergoren",,"Verantwortliches Lebensmittelunternehmen:
Hengstenberg GmbH & Co. KG, 73726 Esslingen","Zutatenverzeichnis: Branntweinessig, Weinessig (10%), Salz, Kräuter, natürliche Kräuter-Gewürze-Aromen (enthält SENF), Verdickungsmittel Carrageen, Johannisbrotkernmehl und Xanthan, Apfelextrakt",72,17,0,0,0,0,0,2,https://www.edeka24.de/Lebensmittel/Wuerzmittel-Bruehen/Essig/Hengstenberg-Klassischer-Kraeuter-Essig-500ML.html,https://www.edeka24.de/out/pictures/generated/product/1/540_540_90/hengstenberg_klassischer_kruter_essig_500_ml.jpg
1516,Lebensmittel,Würzmittel & Brühen,Essig,Hengstenberg Klassischer Rotwein Essig 500ML,"2,99 €","5,98 €/l","inkl. MwSt., zzgl. 4.95 € Versandkosten.",lieferbar innerhalb von 2-5 Werktagen,2023-05-03 00:18:22.432183,"Weinessig, 6% Säure, naturvergoren",,"Verantwortliches Lebensmittelunternehmen:
Hengstenberg GmbH & Co. KG, 73726 Esslingen","Zutatenverzeichnis: Rotweinessig, Antioxidationsmittel KALIUMMETABISULFIT",85,20,0,0,0,0,0,0,https://www.edeka24.de/Lebensmittel/Wuerzmittel-Bruehen/Essig/Hengstenberg-Klassischer-Rotwein-Essig-500ML.html,https://www.edeka24.de/out/pictures/generated/product/1/540_540_90/hengstenberg_klassischer_rotwein_essig_500_ml.jpg
1517,Lebensmittel,Würzmittel & Brühen,Essig,Hengstenberg Milder Apfel Balsamessig 500ML,"3,79 €","7,58 €/l","inkl. MwSt., zzgl. 4.95 € Versandkosten.",lieferbar innerhalb von 2-5 Werktagen,2023-05-03 00:18:26.202987,"Essig aus Apfelessig und Apfelsaftkonzentrat, 5% Säure, naturvergoren",,"Verantwortliches Lebensmittelunternehmen:
Hengstenberg GmbH & Co. KG, 73726 Esslingen","Zutatenverzeichnis: Apfelessig, Apfelsaftkonzentrat (34%), Antioxidationsmittel KALIUMMETABISULFIT",480,113,0,0,"23,9","23,9",0,"0,015",https://www.edeka24.de/Lebensmittel/Wuerzmittel-Bruehen/Essig/Hengstenberg-Milder-Apfel-Balsamessig-500ML.html,https://www.edeka24.de/out/pictures/generated/product/1/540_540_90/hengstenberg_milder_apfel_balsamessig_500_ml.jpg
1518,Lebensmittel,Würzmittel & Brühen,Essig,"Hengstenberg Weißwein-Essig 0,5L","2,99 €","5,98 €/l","inkl. MwSt., zzgl. 4.95 € Versandkosten.",lieferbar innerhalb von 2-5 Werktagen,2023-05-03 00:18:29.671987,"Weinessig, 6 % Säure, naturvergoren",,"Verantwortliches Lebensmittelunternehmen:
Hengstberg GmbH & Co.KG, Mettinger Straße 109, D-73728 Esslingen","Zutatenverzeichnis: Weissweinessig, Antioxidationsmittel KALIUMMETABISULFIT",86,20,0,0,"0,1","0,1",0,"0,019",https://www.edeka24.de/Lebensmittel/Wuerzmittel-Bruehen/Essig/Hengstenberg-Weisswein-Essig-0-5L.html,https://www.edeka24.de/out/pictures/generated/product/1/540_540_90/hengstenberg_weiweinessig_500_ml.jpg
1519,Lebensmittel,Würzmittel & Brühen,Essig,I Solai di San Giorgio Balsamico di Modena 250ML,"12,49 €","49,96 €/l","inkl. MwSt., zzgl. 4.95 € Versandkosten.",lieferbar innerhalb von 2-5 Werktagen,2023-05-03 00:18:32.721549,"Aceto Balsamico IGP, Gold",Hinweis zur Aufbewahrung: Vor Sonnenlicht geschützt aufbewahren,"Verantwortliches Lebensmittelunternehmen:
Audia Food GmbH, Kaninenberghöhe 2 45136 Essen","Zutatenverzeichnis: gekochter TRAUBENMOST, WEINESSIG",1441,339,0,0,"71,4","71,4","1,3","0,1",https://www.edeka24.de/Lebensmittel/Wuerzmittel-Bruehen/Essig/I-Solai-di-San-Giorgio-Balsamico-di-Modena-250ML.html,https://www.edeka24.de/out/pictures/generated/product/1/540_540_90/i_solai_di_san_giorgio_balsamico_250ml.jpg
1520,Lebensmittel,Würzmittel & Brühen,Essig,Kühne Surol 7 Kräuter Essig 750ML,"1,69 €","2,25 €/l","inkl. MwSt., zzgl. 4.95 € Versandkosten.",lieferbar innerhalb von 2-5 Werktagen,2023-05-03 00:18:36.874609,Kräuteressig 5% Säure,,"Verantwortliches Lebensmittelunternehmen:
Carl Kühne KG (GmbH & Co.), 22761 Hamburg","Zutatenverzeichnis: Branntweinessig, Kräuter- und Gewürzextrakte",85,20,"0,1","0,1","0,1","0,1","0,1",0,https://www.edeka24.de/Lebensmittel/Wuerzmittel-Bruehen/Essig/Kuehne-Surol-7-Kraeuter-Essig-750ML.html,https://www.edeka24.de/out/pictures/generated/product/1/540_540_90/khne_surol_7_kruter_essig.jpg
1521,Lebensmittel,Würzmittel & Brühen,Essig,"Mazzetti Aceto Balsamico Di Modena I.G.P. 0,5L","4,49 €","8,98 €/l","inkl. MwSt., zzgl. 4.95 € Versandkosten.",lieferbar innerhalb von 2-5 Werktagen,2023-05-03 00:18:40.911686,"""Aceto Balsamico di Modena I.G.P.""",,"Verantwortliches Lebensmittelunternehmen:
A.M. S.p.a., Via Pertini 440, 41032 Cavezzo (Modena)","Zutatenverzeichnis: Weinessig, eingekochter Traubenmost, konzentrierter Traubenmost, Farbstoffe E150d, Antioxidationsmittel: SCHWEFELDIOXID.",360,84,0,0,16,15,"0,7","0,05",https://www.edeka24.de/Lebensmittel/Wuerzmittel-Bruehen/Essig/Mazzetti-Aceto-Balsamico-Di-Modena-I-G-P-0-5L.html,https://www.edeka24.de/out/pictures/generated/product/1/540_540_90/mazzetti_balsessig_tipico05l.jpg
1522,Lebensmittel,Würzmittel & Brühen,Essig,"Mazzetti Condimento Bianco Mild 0,5L","4,49 €","8,98 €/l","inkl. MwSt., zzgl. 4.95 € Versandkosten.",lieferbar innerhalb von 2-5 Werktagen,2023-05-03 00:18:44.616776,Essigkomposition aus Weissweinessig und einreduziertem Traubenmost,,"Verantwortliches Lebensmittelunternehmen:
A.M. S.p.a., Via Pertini 440, 41032 Cavezzo (Modena)","Zutatenverzeichnis: Weissweinessig, konzentrierter weisser Traubenmost, Antioxidationsmittel: SCHWEFELDIOXID.",468,110,0,0,23,22,"0,2","0,01",https://www.edeka24.de/Lebensmittel/Wuerzmittel-Bruehen/Essig/Mazzetti-Condimento-Bianco-Mild-0-5L.html,https://www.edeka24.de/out/pictures/generated/product/1/540_540_90/mazzetti_balsessig_bianco05l.jpg
1523,Lebensmittel,Würzmittel & Brühen,Essig,Mazzetti Cremaceto Classico 250ML,"3,79 €","15,16 €/l","inkl. MwSt., zzgl. 4.95 € Versandkosten.",lieferbar innerhalb von 2-5 Werktagen,2023-05-03 00:18:48.397967,"Creme mit ""Aceto Balsamico die Modena I.G.P.""",,"Verantwortliches Lebensmittelunternehmen:
A.M. S.p.a., Via Pertini 440, 41032 Cavezzo (Modena)","Zutatenverzeichnis: Aceto Balsamico di Modena I.G.P."" 55% (eingekochter Traubenmost, konzentrierter Traubenmost, Weinessig, Farbstoff:E150d), eingekochter Traubenmost, konzentrierter Traubenmost, Glukosesirup, modifizierte Stärke, Antioxidationsmittel: SCHWEFELDIOXID.",965,227,0,0,55,41,"1,3","0,09",https://www.edeka24.de/Lebensmittel/Wuerzmittel-Bruehen/Essig/Mazzetti-Cremaceto-Classico-250ML.html,https://www.edeka24.de/out/pictures/generated/product/1/540_540_90/mazzetti_cremaceto_classico_250ml.jpg
1526,Lebensmittel,Würzmittel & Brühen,Essig,Ponti Crema all'aceto Balsamico di Modena Dunkel 250G,"4,29 €","17,16 €/kg","inkl. MwSt., zzgl. 4.95 € Versandkosten.",lieferbar innerhalb von 2-5 Werktagen,2023-05-03 00:18:59.110034,Creme aus #Aceto Balsamico di Modena I.G.P.#,Hinweis zur Aufbewahrung: Kühl und trocken lagern. Vor direktem Sonnenlicht schützen.,"Verantwortliches Lebensmittelunternehmen:
Genuport Trade GmbH, D-22848 Norderstedt","Zutatenverzeichnis: gekochter Traubenmost 52%,",984,231,0,0,54,"52,7","0,2","0,06",https://www.edeka24.de/Lebensmittel/Wuerzmittel-Bruehen/Essig/Ponti-Crema-all-aceto-Balsamico-di-Modena-Dunkel-250G.html,https://www.edeka24.de/out/pictures/generated/product/1/540_540_90/ponticreme.jpg
1527,Lebensmittel,Würzmittel & Brühen,Essig,Surig Essig-Essenz hell 25% 388ML,"1,59 €","4,10 €/l","inkl. MwSt., zzgl. 4.95 € Versandkosten.",lieferbar innerhalb von 2-5 Werktagen,2023-05-03 00:19:03.482671,-,,"Verantwortliches Lebensmittelunternehmen:
Speyer & Grund GmbH & Co. KG, 08393 Meerane/Sachsen","Zutatenverzeichnis: Trinkwasser, Essigsäure Lebensmittequalität (E260)",65,15,"0,1","0,1","0,1","0,1","0,1","0,03",https://www.edeka24.de/Lebensmittel/Wuerzmittel-Bruehen/Essig/Surig-Essig-Essenz-hell-25-388ML.html,https://www.edeka24.de/out/pictures/generated/product/1/540_540_90/surig_essigessenz_hell_25.jpg
1528,Lebensmittel,Würzmittel & Brühen,Essig,Surig Essigessenz 25% dunkel 388ML,"1,59 €","3,98 €/kg","inkl. MwSt., zzgl. 4.95 € Versandkosten.",lieferbar innerhalb von 2-5 Werktagen,2023-05-03 00:19:07.390601,"Essigessenz 24,9% Säure",Hinweis zur Aufbewahrung: Mindestens haltbar bis: siehe Deckel Vorsicht! Nicht unverdünnt genießen! Bei Augen- und Hautkontakt mit Wasser spülen!,"Verantwortliches Lebensmittelunternehmen:
Speyer & Grund GmbH & Co. KG, 08393 Meerane/Sachsen","Zutatenverzeichnis: Trinkwasser, Essigsäure Lebensmittelqualität (E260), Farbstoff: E 150c Ammoniak-Zuckerkulör",65,15,"0,1","0,1","0,1","0,1","0,1","0,03",https://www.edeka24.de/Lebensmittel/Wuerzmittel-Bruehen/Essig/Surig-Essigessenz-25-dunkel-388ML.html,https://www.edeka24.de/out/pictures/generated/product/1/540_540_90/surig_essigessenz_25_dunkel_400g.jpg
1529,Lebensmittel,Würzmittel & Brühen,Essig,Surig Zitronensäure 20% 390ML,"2,19 €","5,62 €/l","inkl. MwSt., zzgl. 4.95 € Versandkosten.",lieferbar innerhalb von 2-5 Werktagen,2023-05-03 00:19:12.997884,-,Hinweis zur Aufbewahrung: Lichtgeschützt und kühl lagern.,"Verantwortliches Lebensmittelunternehmen:
Speyer & Grund GmbH & Co. KG, 08393 Meerane/Sachsen","Zutatenverzeichnis: Wasser, Säuerungsmittel Zitronensäure, Aroma",15,65,"0,1","0,1","0,1","0,1","0,1","0,03",https://www.edeka24.de/Lebensmittel/Wuerzmittel-Bruehen/Essig/Surig-Zitronensaeure-20-390ML.html,https://www.edeka24.de/out/pictures/generated/product/1/540_540_90/surig_zitronensamp228ure_20_390ml.jpg
1530,Lebensmittel,Würzmittel & Brühen,Essig,Theo der Essigbrauer 1868 Balsam 250ML,"5,49 €","21,96 €/l","inkl. MwSt., zzgl. 4.95 € Versandkosten.",lieferbar innerhalb von 2-5 Werktagen,2023-05-03 00:19:20.535071,Essigkomposition aus altem Weinessig und reduziertem Traubenmost,,"Verantwortliches Lebensmittelunternehmen:
Balema GmbH Schlossergasse 28 77694 Kehl","Zutatenverzeichnis: Weinessig, Konzentrierter Traubenmost 5% Säure - biologisch gewonnen",583,137,"<0,1","<0,1",30,30,"0,5","0,01",https://www.edeka24.de/Lebensmittel/Wuerzmittel-Bruehen/Essig/Theo-der-Essigbrauer-1868-Balsam-250ML.html,https://www.edeka24.de/out/pictures/generated/product/1/540_540_90/theo_der_essigbrauer_1868_balsam_250ml.jpg
1531,Lebensmittel,Würzmittel & Brühen,Essig,Theo der Essigbrauer Bioland Apfel Essig 500ML,"3,99 €","7,98 €/l","inkl. MwSt., zzgl. 4.95 € Versandkosten.",lieferbar innerhalb von 2-5 Werktagen,2023-05-03 00:19:25.716055,Deutscher Handwerks Apfel Essig,,"Verantwortliches Lebensmittelunternehmen:
Theo F. Berl, Balema GmbH, Schlossergasse 28, 77694 Kehl",Zutatenverzeichnis: Apfelessig* *aus ökologischer Landwirtschaft,76,18,"0,1","0,1","0,2","0,08","0,1","0,004",https://www.edeka24.de/Lebensmittel/Wuerzmittel-Bruehen/Essig/Theo-der-Essigbrauer-Bioland-Apfel-Essig-500ML.html,https://www.edeka24.de/out/pictures/generated/product/1/540_540_90/bio_theo_der_essigbrauer_apfelessig_500ml.jpg
1532,Lebensmittel,Würzmittel & Brühen,Essig,theo der essigbrauer Deutscher Balsamico Essig rosé 500ML,"5,99 €","11,98 €/l","inkl. MwSt., zzgl. 4.95 € Versandkosten.",lieferbar innerhalb von 2-5 Werktagen,2023-05-03 00:19:31.252267,Essigkomposition aus Weinessig und reduziertem Traubenmost,Hinweis zur Aufbewahrung: Bitte dunkel lagern,"Verantwortliches Lebensmittelunternehmen:
Balema Badische Lebensmittel GmbH, Schlossergasse 28, D-77694 Kehl","Zutatenverzeichnis: Weinessig, konzentrierter Traubenmost",416,98,"0,1","0,1","20,4","20,4","0,3","0,0",https://www.edeka24.de/Lebensmittel/Wuerzmittel-Bruehen/Essig/theo-der-essigbrauer-Deutscher-Balsamico-Essig-ros-500ML.html,https://www.edeka24.de/out/pictures/generated/product/1/540_540_90/theo-essig-balsamico-rose.jpg
1533,Lebensmittel,Würzmittel & Brühen,Essig,theo der essigbrauer Deutscher Balsamico Essig rot 500ML,"5,99 €","11,98 €/l","inkl. MwSt., zzgl. 4.95 € Versandkosten.",lieferbar innerhalb von 2-5 Werktagen,2023-05-03 00:19:35.930624,Essigkomposition aus Weinessig und reduziertem Traubenmost,Hinweis zur Aufbewahrung: Bitte dunkel lagern,"Verantwortliches Lebensmittelunternehmen:
Balema Badische Lebensmittel GmbH, Schlossergasse 28, D-77694 Kehl","Zutatenverzeichnis: Weinessig, konzentrierter Traubenmost",453,106,"0,1","0,1","22,1","22,1","0,4","0,0",https://www.edeka24.de/Lebensmittel/Wuerzmittel-Bruehen/Essig/theo-der-essigbrauer-Deutscher-Balsamico-Essig-rot-500ML.html,https://www.edeka24.de/out/pictures/generated/product/1/540_540_90/8qv4a719c48e85a80.64898966-4260167510019.jpg
1534,Lebensmittel,Würzmittel & Brühen,Essig,theo der essigbrauer Deutscher Balsamico Essig weiß 500ML,"5,99 €","11,98 €/l","inkl. MwSt., zzgl. 4.95 € Versandkosten.",lieferbar innerhalb von 2-5 Werktagen,2023-05-03 00:19:40.571661,Essigkomposition aus Weinessig und reduziertem Traubenmost,Hinweis zur Aufbewahrung: Bitte dunkel lagern,"Verantwortliches Lebensmittelunternehmen:
Balema Badische Lebensmittel GmbH, Schlossergasse 28, D-77694 Kehl","Zutatenverzeichnis: Weinessig, konzentrierter Traubenmost",460,108,"0,1","0,1","22,6","22,6","0,4","0,0",https://www.edeka24.de/Lebensmittel/Wuerzmittel-Bruehen/Essig/theo-der-essigbrauer-Deutscher-Balsamico-Essig-weiss-500ML.html,https://www.edeka24.de/out/pictures/generated/product/1/540_540_90/8qv4a719c48e85a80.64898966-4260167510033.jpg
1535,Lebensmittel,Würzmittel & Brühen,Essig,Theo der Essigbrauer Himbeer Essig 250ML,"4,79 €","19,16 €/l","inkl. MwSt., zzgl. 4.95 € Versandkosten.",lieferbar innerhalb von 2-5 Werktagen,2023-05-03 00:19:44.804209,Himbeer Essig,,"Verantwortliches Lebensmittelunternehmen:
Balema GmbH Schlossergasse 28 77694 Kehl",Zutatenverzeichnis: Himbeer Essig 5% Säure biologisch gewonnen,90,21,"<0,5","<0,1","0,8","0,8","0,5","0,02",https://www.edeka24.de/Lebensmittel/Wuerzmittel-Bruehen/Essig/Theo-der-Essigbrauer-Himbeer-Essig-250ML.html,https://www.edeka24.de/out/pictures/generated/product/1/540_540_90/theo_der_essigbrauer_himbeer_essig_250ml.jpg
1537,Lebensmittel,Würzmittel & Brühen,Feinwürzmittel,Maggi Würze Hot 119G,"1,89 €","15,88 €/kg","inkl. MwSt., zzgl. 4.95 € Versandkosten.",lieferbar innerhalb von 2-5 Werktagen,2023-05-03 00:19:53.584746,Flüssiges Würzmittel mit Chiliaroma,Hinweis zur Aufbewahrung: Trocken lagern und vor Wärme schützen.,"Verantwortliches Lebensmittelunternehmen:
Maggi GmbH, Lyoner Str. 23, D-60528 Frankfurt","Zutatenverzeichnis: Wasser, pflanzliches Eiweiß, biologisch aufgeschlossen (Wasser, WEIZENPROTEIN, Salz), Salz, Aroma, Geschmacksverstärker (Mononatriumglutamat, Dinatriuminosinat), Hefeextrakt, Zucker, Chiliaroma (mit SELLERIEÖL), Verdickungsmittel Xanthan.",63,267,"0,1",0,"4,6","2,7",10,"22,5",https://www.edeka24.de/Lebensmittel/Wuerzmittel-Bruehen/Feinwuerzmittel/Maggi-Wuerze-Hot-119G.html,https://www.edeka24.de/out/pictures/generated/product/1/540_540_90/maggi_wrze_hot.jpg
1538,Lebensmittel,Würzmittel & Brühen,Feinwürzmittel,Maggi Würze 250G,"2,19 €","8,76 €/kg","inkl. MwSt., zzgl. 4.95 € Versandkosten.",lieferbar innerhalb von 2-5 Werktagen,2023-05-03 00:19:56.893477,Suppen-& Speise-Würze,Hinweis zur Aufbewahrung: Trocken lagern. Vor Wärme schützen. Würze kann natürlicherweise Salzkristalle bilden-ohne Einfluss auf Qualität.,"Verantwortliches Lebensmittelunternehmen:
Maggi GmbH, 78221 Singen (Hohentwiel)","Zutatenverzeichnis: pflanzliches Eiweiß, biologisch aufgeschlossen (Wasser, WEIZENPROTEIN, Salz), Wasser, Aromen (mit WEIZEN), Geschmacksverstärker (Mononatriumglutamat, Dinatriuminosinat), Salz, Zucker.",102,434,0,0,"7,4","5,1",18,"24,9",https://www.edeka24.de/Lebensmittel/Wuerzmittel-Bruehen/Feinwuerzmittel/Maggi-Wuerze-250G.html,https://www.edeka24.de/out/pictures/generated/product/1/540_540_90/maggi_wrze.jpg
1539,Lebensmittel,Würzmittel & Brühen,Feinwürzmittel,Maggi Würze Vorratsflasche 1KG,"5,69 €","5,69 €/kg","inkl. MwSt., zzgl. 4.95 € Versandkosten.",lieferbar innerhalb von 2-5 Werktagen,2023-05-03 00:20:00.156925,-,Hinweis zur Aufbewahrung: Trocken lagern und vor Wärme schützen.,"Verantwortliches Lebensmittelunternehmen:
Maggi GmbH, Lyoner Str. 23, D-60528 Frankfurt","Zutatenverzeichnis: Pflanzliches Eiweiß, biologisch aufgeschlossen (Wasser, WEIZENPROTEIN, Salz), Wasser, Aromen (mit WEIZEN), Geschmacksverstärker (Mononatriumglutamat, Dinatriuminosinat), Salz, Zucker.",102,434,0,0,"7,4","5,1",18,"24,9",https://www.edeka24.de/Lebensmittel/Wuerzmittel-Bruehen/Feinwuerzmittel/Maggi-Wuerze-Vorratsflasche-1KG.html,https://www.edeka24.de/out/pictures/generated/product/1/540_540_90/maggi_wrze_vorratsflasche.jpg
1540,Lebensmittel,Würzmittel & Brühen,Feinwürzmittel,Maggi Würze Tischflasche 125G,"1,79 €","14,32 €/kg","inkl. MwSt., zzgl. 4.95 € Versandkosten.",lieferbar innerhalb von 2-5 Werktagen,2023-05-03 00:20:03.684058,-,Hinweis zur Aufbewahrung: Trocken lagern und vor Wärme schützen.,"Verantwortliches Lebensmittelunternehmen:
Maggi GmbH, Lyoner Str. 23, D-60528 Frankfurt","Zutatenverzeichnis: Pflanzliches Eiweiß, biologisch aufgeschlossen (Wasser, WEIZENPROTEIN, Salz), Wasser, Aroma (mit WEIZEN), Geschmacksverstärker (Mononatriumglutamat, Dinatriuminosinat), Salz, Zucker.",102,434,0,0,"7,4","5,1",18,"24,9",https://www.edeka24.de/Lebensmittel/Wuerzmittel-Bruehen/Feinwuerzmittel/Maggi-Wuerze-Tischflasche-125G.html,https://www.edeka24.de/out/pictures/generated/product/1/540_540_90/40055091.jpg
1541,Lebensmittel,Würzmittel & Brühen,Feinwürzmittel,Maggi Fondor Dose 200G,"2,59 €","12,95 €/kg","inkl. MwSt., zzgl. 4.95 € Versandkosten.",lieferbar innerhalb von 2-5 Werktagen,2023-05-03 00:20:06.799794,Feinwürzmittel,Hinweis zur Aufbewahrung: Trocken lagern und vor Wärme schützen.,"Verantwortliches Lebensmittelunternehmen:
Maggi GmbH, 78221 Singen (Hohentwiel)","Zutatenverzeichnis: Jodsalz, Stärke, Geschmacksverstärker Mononatriumglutamat, Palmfett, Gewürze, Aromen (mit SELLERIE). SPUREN: GLUTENHALTIGES GETREIDE, EIER, MILCH, SOJA, SENF",179,758,"3,9","2,6",21,"0,2","15,3","59,3",https://www.edeka24.de/Lebensmittel/Wuerzmittel-Bruehen/Feinwuerzmittel/Maggi-Fondor-Dose-200G.html,https://www.edeka24.de/out/pictures/generated/product/1/540_540_90/maggi_fondor_dose.jpg
1542,Lebensmittel,Würzmittel & Brühen,Feinwürzmittel,Alnatura Bio Hefeflocken 100G,"4,29 €","42,90 €/kg","inkl. MwSt., zzgl. 4.95 € Versandkosten.",lieferbar innerhalb von 2-5 Werktagen,2023-05-03 00:20:09.487584,Bio Würzhefeflocken,Hinweis zur Aufbewahrung: Bitte trocken lagern und vor Wärme schützen.,"Verantwortliches Lebensmittelunternehmen:
Alnatura Produktions- und Handels GmbH, Mahatma-Gandhi-Str. 7, 64295 Darmstadt","Zutatenverzeichnis: Melassehefe* 69%, Reismehl* 30%, Meersalz * aus biologischer Landwirtschaft . Kann Spuren von GLUTEN enthalten.",1414,336,4,"0,8",40,1,26,1,https://www.edeka24.de/Lebensmittel/Wuerzmittel-Bruehen/Feinwuerzmittel/Alnatura-Bio-Hefeflocken-100G.html,https://www.edeka24.de/out/pictures/generated/product/1/540_540_90/bio_alnatura_hefeflocken_100g.jpg
1543,Lebensmittel,Würzmittel & Brühen,Feinwürzmittel,Knorr Würzmittel Aromat Streuer 100G,"1,59 €","15,90 €/kg","inkl. MwSt., zzgl. 4.95 € Versandkosten.",lieferbar innerhalb von 2-5 Werktagen,2023-05-03 00:20:12.862920,Würzmittel Aromat,Hinweis zur Aufbewahrung: Verschlossen und trocken aufbewahren.,"Verantwortliches Lebensmittelunternehmen:
Unilever Deutschland Holding GmbH, Am Strandkai 1 , D-20457 Hamburg","Zutatenverzeichnis: jodiertes Speisesalz, Geschmacksverstärker Mononatriumglutamat, MILCHZUCKER, WEIZENSTÄRKE, Hefeextrakt, 3% Zwiebeln, Palmöl, Sonnenblumenöl, Speisesalz, Gewürze (Knoblauch, Curcuma, SELLERIESAMEN, Nelken), Steinpilze, Butterpilze, Lorbeerblätter. Kann Spuren von EI und SENF enthalten.",143,602,"3,1","1,2",16,8,13,"57,9",https://www.edeka24.de/Lebensmittel/Wuerzmittel-Bruehen/Feinwuerzmittel/Knorr-Wuerzmittel-Aromat-Streuer-100G.html,https://www.edeka24.de/out/pictures/generated/product/1/540_540_90/knorr_aromat_4038744440387444.jpg
1544,Lebensmittel,Würzmittel & Brühen,Feinwürzmittel,Knorr Aromat 100G,"1,29 €","12,90 €/kg","inkl. MwSt., zzgl. 4.95 € Versandkosten.",lieferbar innerhalb von 2-5 Werktagen,2023-05-03 00:20:17.442428,Würzmittel,Hinweis zur Aufbewahrung: Verschlossen und trocken aufbewahren.,"Verantwortliches Lebensmittelunternehmen:
Unilever Deutschland Holding GmbH, Am Strandkai 1 , D-20457 Hamburg","Zutatenverzeichnis: jodiertes Speisesalz, Geschmacksverstärker Mononatriumglutamat, MILCHZUCKER, WEIZENSTÄRKE, Hefeextrakt, 3% Zwiebeln, Palmöl, Sonnenblumenöl, Speisesalz, Gewürze (Knoblauch, Curcuma, SELLERIESAMEN, Nelken), Steinpilze, Butterpilze, Lorbeerblätter. Kann Spuren von EI, SOJA und SENF enthalten.",165,692,"3,5","1,2",16,"7,1",13,"57,9",https://www.edeka24.de/Lebensmittel/Wuerzmittel-Bruehen/Feinwuerzmittel/Knorr-Aromat-100G.html,https://www.edeka24.de/out/pictures/generated/product/1/540_540_90/knorr_aromat_universal_100g.jpg
1545,Lebensmittel,Würzmittel & Brühen,Gewürze-Kräuter,Ostmann Zimt gemahlen 30G,"2,29 €","76,33 €/kg","inkl. MwSt., zzgl. 4.95 € Versandkosten.",lieferbar innerhalb von 2-5 Werktagen,2023-05-03 00:20:22.140349,-,,"Verantwortliches Lebensmittelunternehmen:
Ostmann Gewürze GmbH, Industriestraße 25, 49201 Dissen a.T.W.",,,,,,,,,,https://www.edeka24.de/index.php?cl=details&anid=TGJ7tonKnIzhKolGWBzBEd-1&emcs0=3&emcs1=Kategorieseite%20-%20Topseller&emcs2=&emcs3=251120009,https://www.edeka24.de/out/pictures/generated/product/1/540_540_90/ostmannzimtgemahlen.jpg
1546,Lebensmittel,Würzmittel & Brühen,Gewürze-Kräuter,Top Taste Röstzwiebeln Bacon 100G,"1,79 €","17,90 €/kg","inkl. MwSt., zzgl. 4.95 € Versandkosten.",lieferbar innerhalb von 2-5 Werktagen,2023-05-03 00:20:27.036779,-,,"Verantwortliches Lebensmittelunternehmen:
Top Taste B.V., NL-4421 SN Kapelle","Zutatenverzeichnis: Zwiebeln (70%), Pflanzliches Öl (Palm, Sonnenblumen), WEIZENMEHL, Brotkrümel (WEIZEN), Salz, Getrockneter Glukosesirup, Zucker, Bacon Aroma, Pfefferextrakt, Rauchkondensat.",2388,574,41,19,43,"9,1","6,0","1,8",https://www.edeka24.de/index.php?cl=details&anid=3dd8259b9881591b9e1daacdc588597d&emcs0=3&emcs1=Kategorieseite%20-%20Topseller&emcs2=&emcs3=2058263004,https://www.edeka24.de/out/pictures/generated/product/1/540_540_90/top_taste_ramp246stzwiebeln_bacon_100g.jpg
1547,Lebensmittel,Würzmittel & Brühen,Gewürze-Kräuter,Ostmann Paprika edelsüß gemahlen 35G,"2,29 €","65,43 €/kg","inkl. MwSt., zzgl. 4.95 € Versandkosten.",lieferbar innerhalb von 2-5 Werktagen,2023-05-03 00:20:31.342786,-,,"Verantwortliches Lebensmittelunternehmen:
Ostmann Gewürze GmbH, Industriestraße 25, 49201 Dissen a.T.W.",,,,,,,,,,https://www.edeka24.de/index.php?cl=details&anid=c284d997de6197284.46665398&emcs0=3&emcs1=Kategorieseite%20-%20Topseller&emcs2=&emcs3=251091002,https://www.edeka24.de/out/pictures/generated/product/1/540_540_90/ostmann_paprika_edels_35g.jpg
1548,Lebensmittel,Würzmittel & Brühen,Gewürze-Kräuter,Ostmann Curry 30G,"1,99 €","66,33 €/kg","inkl. MwSt., zzgl. 4.95 € Versandkosten.",lieferbar innerhalb von 2-5 Werktagen,2023-05-03 00:20:34.985863,-,,"Verantwortliches Lebensmittelunternehmen:
Ostmann Gewürze GmbH, Industriestraße 25, 49201 Dissen a.T.W.","Zutatenverzeichnis: Curcuma, Kreuzkümmel, Koriander, Knoblauch, Fenchel, Petersilie, Oregano, Chillies, Bockshornkleesaat, Gewürze.",,,,,,,,,https://www.edeka24.de/index.php?cl=details&anid=6domUcMlnIzhKolGWBzBEd-1&emcs0=3&emcs1=Kategorieseite%20-%20Topseller&emcs2=&emcs3=251066006,https://www.edeka24.de/out/pictures/generated/product/1/540_540_90/ostmann_curry_30_g.jpg
1549,Lebensmittel,Würzmittel & Brühen,Gewürze-Kräuter,"Ostmann Oregano gerebelt 12,5G","2,19 €","175,20 €/kg","inkl. MwSt., zzgl. 4.95 € Versandkosten.",lieferbar innerhalb von 2-5 Werktagen,2023-05-03 00:20:38.666975,-,,"Verantwortliches Lebensmittelunternehmen:
Ostmann Gewürze GmbH, Industriestraße 25, 49201 Dissen a.T.W.",,,,,,,,,,https://www.edeka24.de/index.php?cl=details&anid=fsQVGHBsnIzhKolGWBzBEd-1&emcs0=3&emcs1=Kategorieseite%20-%20Topseller&emcs2=&emcs3=251090009,https://www.edeka24.de/out/pictures/generated/product/1/540_540_90/ostmannoreganogerebelt.jpg
1550,Lebensmittel,Würzmittel & Brühen,Gewürze-Kräuter,Gut & Günstig Knoblauch granuliert 70G,"0,89 €","12,71 €/kg","inkl. MwSt., zzgl. 4.95 € Versandkosten.",lieferbar innerhalb von 2-5 Werktagen,2023-05-03 00:20:41.916520,Knoblauch granuliert,Hinweis zur Aufbewahrung: Trocken und lichtgeschützt lagern.,"Verantwortliches Lebensmittelunternehmen:
EDEKA ZENTRALE Stiftung & Co. KG, D-22291 Hamburg",,,,,,,,,,https://www.edeka24.de/Lebensmittel/Wuerzmittel-Bruehen/Gewuerze-Kraeuter/Gut-Guenstig-Knoblauch-granuliert-70G.html,https://www.edeka24.de/out/pictures/generated/product/1/540_540_90/gutampampgamp220nstig_knoblauch_granuliert_70g.jpg
1551,Lebensmittel,Würzmittel & Brühen,Gewürze-Kräuter,Gut & Günstig Pfeffer weiß gemahlen 50G,"0,89 €","17,80 €/kg","inkl. MwSt., zzgl. 4.95 € Versandkosten.",lieferbar innerhalb von 2-5 Werktagen,2023-05-03 00:20:45.256410,-,Hinweis zur Aufbewahrung: Trocken und lichtgeschützt lagern.,"Verantwortliches Lebensmittelunternehmen:
EDEKA ZENTRALE Stiftung & Co. KG, D-22291 Hamburg",,,,,,,,,,https://www.edeka24.de/Lebensmittel/Wuerzmittel-Bruehen/Gewuerze-Kraeuter/Gut-Guenstig-Pfeffer-weiss-gemahlen-50G.html,https://www.edeka24.de/out/pictures/generated/product/1/540_540_90/gutampampgamp220nstig_pfeffer_weiamp223_gemahlen_50g.jpg
1552,Lebensmittel,Würzmittel & Brühen,Gewürze-Kräuter,Gut & Günstig Curry 45G,"0,89 €","19,78 €/kg","inkl. MwSt., zzgl. 4.95 € Versandkosten.",lieferbar innerhalb von 2-5 Werktagen,2023-05-03 00:20:48.266253,-,Hinweis zur Aufbewahrung: Trocken und lichtgeschützt lagern.,"Verantwortliches Lebensmittelunternehmen:
EDEKA ZENTRALE Stiftung & Co. KG, D-22291 Hamburg",,,,,,,,,,https://www.edeka24.de/Lebensmittel/Wuerzmittel-Bruehen/Gewuerze-Kraeuter/Gut-Guenstig-Curry-45G.html,https://www.edeka24.de/out/pictures/generated/product/1/540_540_90/gutampampgamp220nstig_curry_45g.jpg
1553,Lebensmittel,Würzmittel & Brühen,Gewürze-Kräuter,Ostmann Pommes Gewürzsalz klassisch 70G,"1,99 €","28,43 €/kg","inkl. MwSt., zzgl. 4.95 € Versandkosten.",lieferbar innerhalb von 2-5 Werktagen,2023-05-03 00:20:51.312353,Pommes klassisch Gewürzsalz,,"Verantwortliches Lebensmittelunternehmen:
Ostmann Gewürze GmbH, 49198 Dissen","Zutatenverzeichnis: Spesiesalz, paprika, Zwiebeln, Pfeffer, Muskatblüte, Rauch.",,,,,,,,,https://www.edeka24.de/Lebensmittel/Wuerzmittel-Bruehen/Gewuerze-Kraeuter/Ostmann-Pommes-Gewuerzsalz-klassisch-70G.html,https://www.edeka24.de/out/pictures/generated/product/1/540_540_90/ostmpommes_gewuerzzuberei70g.jpg
1554,Lebensmittel,Würzmittel & Brühen,Gewürze-Kräuter,Ostmann Pfeffer schwarz gemahlen 40G,"2,39 €","59,75 €/kg","inkl. MwSt., zzgl. 4.95 € Versandkosten.",lieferbar innerhalb von 2-5 Werktagen,2023-05-03 00:20:54.211570,-,,"Verantwortliches Lebensmittelunternehmen:
Ostmann Gewürze GmbH, Industriestraße 25, 49201 Dissen a.T.W.",,,,,,,,,,https://www.edeka24.de/Lebensmittel/Wuerzmittel-Bruehen/Gewuerze-Kraeuter/Ostmann-Pfeffer-schwarz-gemahlen-40G.html,https://www.edeka24.de/out/pictures/generated/product/1/540_540_90/ostmann_pfeffer_schwarz_gemahlen_40g.jpg
1555,Lebensmittel,Würzmittel & Brühen,Gewürze-Kräuter,Gut & Günstig Basilikum gerebelt 15G,"0,89 €","59,33 €/kg","inkl. MwSt., zzgl. 4.95 € Versandkosten.",lieferbar innerhalb von 2-5 Werktagen,2023-05-03 00:20:56.731745,-,Hinweis zur Aufbewahrung: Trocken und lichtgeschützt lagern.,"Verantwortliches Lebensmittelunternehmen:
EDEKA ZENTRALE Stiftung & Co. KG, D-22291 Hamburg",Zutatenverzeichnis: Das Produkt kann Spuren von SENF und SELLERIE enthalten.,,,,,,,,,https://www.edeka24.de/Lebensmittel/Wuerzmittel-Bruehen/Gewuerze-Kraeuter/Gut-Guenstig-Basilikum-gerebelt-15G.html,https://www.edeka24.de/out/pictures/generated/product/1/540_540_90/gutampampgamp220nstig_basilikum_gerebelt_15g.jpg
1556,Lebensmittel,Würzmittel & Brühen,Gewürze-Kräuter,Gut & Günstig Paprika rosenscharf 50G,"0,89 €","17,80 €/kg","inkl. MwSt., zzgl. 4.95 € Versandkosten.",lieferbar innerhalb von 2-5 Werktagen,2023-05-03 00:20:59.492287,"Paprika rosenscharf, gemahlen",Hinweis zur Aufbewahrung: Trocken und lichtgeschützt lagern.,"Verantwortliches Lebensmittelunternehmen:
EDEKA ZENTRALE Stiftung & Co. KG, D-22291 Hamburg",,,,,,,,,,https://www.edeka24.de/Lebensmittel/Wuerzmittel-Bruehen/Gewuerze-Kraeuter/Gut-Guenstig-Paprika-rosenscharf-50G.html,https://www.edeka24.de/out/pictures/generated/product/1/540_540_90/gutampampgamp220nstig_paprika_rosenscharf_50g.jpg
1557,Lebensmittel,Würzmittel & Brühen,Gewürze-Kräuter,Ostmann Pizza Gewürz 15G,"2,29 €","152,67 €/kg","inkl. MwSt., zzgl. 4.95 € Versandkosten.",lieferbar innerhalb von 2-5 Werktagen,2023-05-03 00:21:03.280605,Pizzagewürz,,"Verantwortliches Lebensmittelunternehmen:
Ostmann Gewürze GmbH, 49198 Dissen","Zutatenverzeichnis: Oregano, Basilikum, Rosmarin, Bohnenkraut, Thymian.",,,,,,,,,https://www.edeka24.de/Lebensmittel/Wuerzmittel-Bruehen/Gewuerze-Kraeuter/Ostmann-Pizza-Gewuerz-15G.html,https://www.edeka24.de/out/pictures/generated/product/1/540_540_90/ostmann_pizza_gewrz_15g.jpg
1558,Lebensmittel,Würzmittel & Brühen,Gewürze-Kräuter,Ostmann Steak & Grill Gewürzsalz 60G,"2,29 €","38,17 €/kg","inkl. MwSt., zzgl. 4.95 € Versandkosten.",lieferbar innerhalb von 2-5 Werktagen,2023-05-03 00:21:06.784875,Steak & Grill Gewürzsalz,,"Verantwortliches Lebensmittelunternehmen:
Ostmann Gewürze GmbH, 49198 Dissen","Zutatenverzeichnis: Speisesalz, Pfeffer, Zwiebeln, Thymian, Basilikum, Rosmarin, Rapsöl, Knoblauch.",,,,,,,,,https://www.edeka24.de/Lebensmittel/Wuerzmittel-Bruehen/Gewuerze-Kraeuter/Ostmann-Steak-Grill-Gewuerzsalz-60G.html,https://www.edeka24.de/out/pictures/generated/product/1/540_540_90/ostmann_steakampampgrill_gewamp252rzsalz_60g.jpg
1559,Lebensmittel,Würzmittel & Brühen,Gewürze-Kräuter,Alnatura Bio Hefeflocken 100G,"4,29 €","42,90 €/kg","inkl. MwSt., zzgl. 4.95 € Versandkosten.",lieferbar innerhalb von 2-5 Werktagen,2023-05-03 00:21:09.954326,Bio Würzhefeflocken,Hinweis zur Aufbewahrung: Bitte trocken lagern und vor Wärme schützen.,"Verantwortliches Lebensmittelunternehmen:
Alnatura Produktions- und Handels GmbH, Mahatma-Gandhi-Str. 7, 64295 Darmstadt","Zutatenverzeichnis: Melassehefe* 69%, Reismehl* 30%, Meersalz * aus biologischer Landwirtschaft . Kann Spuren von GLUTEN enthalten.",1414,336,4,"0,8",40,1,26,1,https://www.edeka24.de/Lebensmittel/Wuerzmittel-Bruehen/Gewuerze-Kraeuter/Alnatura-Bio-Hefeflocken-100G.html,https://www.edeka24.de/out/pictures/generated/product/1/540_540_90/bio_alnatura_hefeflocken_100g.jpg
1560,Lebensmittel,Würzmittel & Brühen,Gewürze-Kräuter,Gut & Günstig Zimt gemahlen 40G,"0,89 €","22,25 €/kg","inkl. MwSt., zzgl. 4.95 € Versandkosten.",lieferbar innerhalb von 2-5 Werktagen,2023-05-03 00:21:13.524950,-,Hinweis zur Aufbewahrung: Trocken und lichtgeschützt lagern.,"Verantwortliches Lebensmittelunternehmen:
EDEKA ZENTRALE Stiftung & Co. KG, D-22291 Hamburg",,,,,,,,,,https://www.edeka24.de/Lebensmittel/Wuerzmittel-Bruehen/Gewuerze-Kraeuter/Gut-Guenstig-Zimt-gemahlen-40G.html,https://www.edeka24.de/out/pictures/generated/product/1/540_540_90/gutampampgamp220nstig_zimt_gemahlen_40g.jpg
1561,Lebensmittel,Würzmittel & Brühen,Gewürze-Kräuter,Gut & Günstig Oregano gerebelt 12G,"0,89 €","74,17 €/kg","inkl. MwSt., zzgl. 4.95 € Versandkosten.",lieferbar innerhalb von 2-5 Werktagen,2023-05-03 00:21:16.716557,-,Hinweis zur Aufbewahrung: Trocken und lichtgeschützt lagern.,"Verantwortliches Lebensmittelunternehmen:
EDEKA ZENTRALE Stiftung & Co. KG, D-22291 Hamburg",Zutatenverzeichnis: Das Produkt kann Spuren von SELLERIE und SENF enthalten.,,,,,,,,,https://www.edeka24.de/Lebensmittel/Wuerzmittel-Bruehen/Gewuerze-Kraeuter/Gut-Guenstig-Oregano-gerebelt-12G.html,https://www.edeka24.de/out/pictures/generated/product/1/540_540_90/gutampampgamp220nstig_oregano_gerebelt_12g.jpg
1563,Lebensmittel,Würzmittel & Brühen,Gewürze-Kräuter,"Ostmann Italienische Kräuter gerebelt 12,5G","2,19 €","175,20 €/kg","inkl. MwSt., zzgl. 4.95 € Versandkosten.",lieferbar innerhalb von 2-5 Werktagen,2023-05-03 00:21:22.042269,Italienische Kräuter,,"Verantwortliches Lebensmittelunternehmen:
Ostmann Gewürze GmbH, 49198 Dissen","Zutatenverzeichnis: Oregano, Basilikum, Majoran, Rosmarin, Petersilie, Thymian, Bohnenkraut, Salbei..",,,,,,,,,https://www.edeka24.de/Lebensmittel/Wuerzmittel-Bruehen/Gewuerze-Kraeuter/Ostmann-Italienische-Kraeuter-gerebelt-12-5G.html,https://www.edeka24.de/out/pictures/generated/product/1/540_540_90/ostmann_italienische_kruter_125g.jpg
1564,Lebensmittel,Würzmittel & Brühen,Gewürze-Kräuter,Top Taste Röstzwiebeln Bacon 100G,"1,79 €","17,90 €/kg","inkl. MwSt., zzgl. 4.95 € Versandkosten.",lieferbar innerhalb von 2-5 Werktagen,2023-05-03 00:21:24.790369,-,,"Verantwortliches Lebensmittelunternehmen:
Top Taste B.V., NL-4421 SN Kapelle","Zutatenverzeichnis: Zwiebeln (70%), Pflanzliches Öl (Palm, Sonnenblumen), WEIZENMEHL, Brotkrümel (WEIZEN), Salz, Getrockneter Glukosesirup, Zucker, Bacon Aroma, Pfefferextrakt, Rauchkondensat.",2388,574,41,19,43,"9,1","6,0","1,8",https://www.edeka24.de/Lebensmittel/Wuerzmittel-Bruehen/Gewuerze-Kraeuter/Top-Taste-Roestzwiebeln-Bacon-100G.html,https://www.edeka24.de/out/pictures/generated/product/1/540_540_90/top_taste_ramp246stzwiebeln_bacon_100g.jpg
1566,Lebensmittel,Würzmittel & Brühen,Gewürze-Kräuter,Ostmann Paprika edelsüß gemahlen 35G,"2,29 €","65,43 €/kg","inkl. MwSt., zzgl. 4.95 € Versandkosten.",lieferbar innerhalb von 2-5 Werktagen,2023-05-03 00:21:30.369342,-,,"Verantwortliches Lebensmittelunternehmen:
Ostmann Gewürze GmbH, Industriestraße 25, 49201 Dissen a.T.W.",,,,,,,,,,https://www.edeka24.de/Lebensmittel/Wuerzmittel-Bruehen/Gewuerze-Kraeuter/Ostmann-Paprika-edelsuess-gemahlen-35G.html,https://www.edeka24.de/out/pictures/generated/product/1/540_540_90/ostmann_paprika_edels_35g.jpg
1570,Lebensmittel,Würzmittel & Brühen,Gewürze-Kräuter,Top Taste Röstzwiebeln 100G,"1,79 €","17,90 €/kg","inkl. MwSt., zzgl. 4.95 € Versandkosten.",lieferbar innerhalb von 2-5 Werktagen,2023-05-03 00:21:43.381720,-,,"Verantwortliches Lebensmittelunternehmen:
TOP Taste B.V., Kloosterpoort 33, 4421 SN Kapelle (Niederlande)","Zutatenverzeichnis: Zwiebeln, Palmöl, WEIZENMEHL, Salz.",590,2450,44,21,40,9,6,"1,2",https://www.edeka24.de/Lebensmittel/Wuerzmittel-Bruehen/Gewuerze-Kraeuter/Top-Taste-Roestzwiebeln-100G.html,https://www.edeka24.de/out/pictures/generated/product/1/540_540_90/top_taste_rstzwiebeln_100_g.jpg
1572,Lebensmittel,Würzmittel & Brühen,Gewürze-Kräuter,Ostmann Kreuzkümmel (Cumin) gemahlen 35G,"2,49 €","71,14 €/kg","inkl. MwSt., zzgl. 4.95 € Versandkosten.",lieferbar innerhalb von 2-5 Werktagen,2023-05-03 00:21:50.424950,-,,"Verantwortliches Lebensmittelunternehmen:
Ostmann Gewürze GmbH, Industriestraße 25, 49201 Dissen a.T.W.",,,,,,,,,,https://www.edeka24.de/Lebensmittel/Wuerzmittel-Bruehen/Gewuerze-Kraeuter/Ostmann-Kreuzkuemmel-Cumin-gemahlen-35G.html,https://www.edeka24.de/out/pictures/generated/product/1/540_540_90/ostmann_kreuzkamp252mmel_gemahlen_35g.jpg
1574,Lebensmittel,Würzmittel & Brühen,Gewürze-Kräuter,Ostmann Chili Flocken 45G,"2,29 €","50,89 €/kg","inkl. MwSt., zzgl. 4.95 € Versandkosten.",lieferbar innerhalb von 2-5 Werktagen,2023-05-03 00:21:57.204716,Chiliflocken,,"Verantwortliches Lebensmittelunternehmen:
Ostmann Gewürze GmbH, 49198 Dissen",,,,,,,,,,https://www.edeka24.de/Lebensmittel/Wuerzmittel-Bruehen/Gewuerze-Kraeuter/Ostmann-Chili-Flocken-45G.html,https://www.edeka24.de/out/pictures/generated/product/1/540_540_90/ostmann_chili_flocken_45g.jpg
1575,Lebensmittel,Würzmittel & Brühen,Gewürze-Kräuter,Ostmann Muskatnuss gemahlen 35G,"2,99 €","85,43 €/kg","inkl. MwSt., zzgl. 4.95 € Versandkosten.",lieferbar innerhalb von 2-5 Werktagen,2023-05-03 00:22:00.229205,-,,"Verantwortliches Lebensmittelunternehmen:
Ostmann Gewürze GmbH, Industriestraße 25, 49201 Dissen a.T.W.",,,,,,,,,,https://www.edeka24.de/Lebensmittel/Wuerzmittel-Bruehen/Gewuerze-Kraeuter/Ostmann-Muskatnuss-gemahlen-35G.html,https://www.edeka24.de/out/pictures/generated/product/1/540_540_90/ostmann_muskatnuss_gemahlen_35g.jpg
1577,Lebensmittel,Würzmittel & Brühen,Gewürze-Kräuter,Ostmann Knoblauch granuliert 50G,"2,39 €","47,80 €/kg","inkl. MwSt., zzgl. 4.95 € Versandkosten.",lieferbar innerhalb von 2-5 Werktagen,2023-05-03 00:22:07.280292,-,,"Verantwortliches Lebensmittelunternehmen:
Ostmann Gewürze GmbH, Industriestraße 25, 49201 Dissen a.T.W.",,,,,,,,,,https://www.edeka24.de/Lebensmittel/Wuerzmittel-Bruehen/Gewuerze-Kraeuter/Ostmann-Knoblauch-granuliert-50G.html,https://www.edeka24.de/out/pictures/generated/product/1/540_540_90/ostmann_knoblauch_granuliert_50_g.jpg
1579,Lebensmittel,Würzmittel & Brühen,Gewürze-Kräuter,Ostmann Pfeffer schwarz 50G,"2,49 €","49,80 €/kg","inkl. MwSt., zzgl. 4.95 € Versandkosten.",lieferbar innerhalb von 2-5 Werktagen,2023-05-03 00:22:13.278764,-,,"Verantwortliches Lebensmittelunternehmen:
Ostmann Gewürze GmbH, Industriestraße 25, 49201 Dissen a.T.W.",,,,,,,,,,https://www.edeka24.de/Lebensmittel/Wuerzmittel-Bruehen/Gewuerze-Kraeuter/Ostmann-Pfeffer-schwarz-50G.html,https://www.edeka24.de/out/pictures/generated/product/1/540_540_90/ostmpfefferkoerner_schwarz_50.jpg
1580,Lebensmittel,Würzmittel & Brühen,Gewürze-Kräuter,Ostmann Bunter Pfeffer Gewürzmischung 70G,"3,79 €","54,14 €/kg","inkl. MwSt., zzgl. 4.95 € Versandkosten.",lieferbar innerhalb von 2-5 Werktagen,2023-05-03 00:22:16.324889,-,,"Verantwortliches Lebensmittelunternehmen:
Ostmann Gewürze GmbH, Industriestraße 25, 49201 Dissen a.T.W.","Zutatenverzeichnis: Weißer Pfeffer, schwarzer Pfeffer, grüner Pfeffer, rosa Beeren (Schinus terebinthifolius).",,,,,,,,,https://www.edeka24.de/Lebensmittel/Wuerzmittel-Bruehen/Gewuerze-Kraeuter/Ostmann-Bunter-Pfeffer-Gewuerzmischung-70G.html,https://www.edeka24.de/out/pictures/generated/product/1/540_540_90/ostmann_bunter_pfeffer_gewamp252rzmischung_70g.jpg
1581,Lebensmittel,Würzmittel & Brühen,Gewürze-Kräuter,Ostmann Paprika rosenscharf gemahlen 35G,"2,29 €","65,43 €/kg","inkl. MwSt., zzgl. 4.95 € Versandkosten.",lieferbar innerhalb von 2-5 Werktagen,2023-05-03 00:22:19.426696,"Paprika rosenscharf, gemahlen",,"Verantwortliches Lebensmittelunternehmen:
Ostmann Gewürze GmbH, 49198 Dissen",Zutatenverzeichnis: Paprika.,,,,,,,,,https://www.edeka24.de/Lebensmittel/Wuerzmittel-Bruehen/Gewuerze-Kraeuter/Ostmann-Paprika-rosenscharf-gemahlen-35G.html,https://www.edeka24.de/out/pictures/generated/product/1/540_540_90/ostmann_paprika_rosen_scharf_35g.jpg
1582,Lebensmittel,Würzmittel & Brühen,Gewürze-Kräuter,Top Taste Röstzwiebeln 280G,"3,79 €","13,54 €/kg","inkl. MwSt., zzgl. 4.95 € Versandkosten.",lieferbar innerhalb von 2-5 Werktagen,2023-05-03 00:22:22.752887,-,,"Verantwortliches Lebensmittelunternehmen:
TOP Taste B.V., Kloosterpoort 33, 4421 SN Kapelle (Niederlande)","Zutatenverzeichnis: Zwiebeln, Palmöl, WEIZENMEHL, Salz.",2450,590,44,21,40,9,6,"1,2",https://www.edeka24.de/Lebensmittel/Wuerzmittel-Bruehen/Gewuerze-Kraeuter/Top-Taste-Roestzwiebeln-280G.html,https://www.edeka24.de/out/pictures/generated/product/1/540_540_90/top_taste_rstzwiebeln_280_g.jpg
1584,Lebensmittel,Würzmittel & Brühen,Gewürze-Kräuter,"Ostmann Oregano gerebelt 12,5G","2,19 €","175,20 €/kg","inkl. MwSt., zzgl. 4.95 € Versandkosten.",lieferbar innerhalb von 2-5 Werktagen,2023-05-03 00:22:32.391955,-,,"Verantwortliches Lebensmittelunternehmen:
Ostmann Gewürze GmbH, Industriestraße 25, 49201 Dissen a.T.W.",,,,,,,,,,https://www.edeka24.de/Lebensmittel/Wuerzmittel-Bruehen/Gewuerze-Kraeuter/Ostmann-Oregano-gerebelt-12-5G.html,https://www.edeka24.de/out/pictures/generated/product/1/540_540_90/ostmannoreganogerebelt.jpg
1585,Lebensmittel,Würzmittel & Brühen,Gewürze-Kräuter,Ostmann Kräuter der Provence gerebelt 15G,"2,19 €","146,00 €/kg","inkl. MwSt., zzgl. 4.95 € Versandkosten.",lieferbar innerhalb von 2-5 Werktagen,2023-05-03 00:22:38.015278,Kräuter der Provence gerebelt,,"Verantwortliches Lebensmittelunternehmen:
Ostmann Gewürze GmbH, 49198 Dissen","Zutatenverzeichnis: Rosmarin, Thymian, Basilikum, Majoran, Petersilie, Bohnenkraut, Oregano, Kerbel, Liebstockblätter.",,,,,,,,,https://www.edeka24.de/Lebensmittel/Wuerzmittel-Bruehen/Gewuerze-Kraeuter/Ostmann-Kraeuter-der-Provence-gerebelt-15G.html,https://www.edeka24.de/out/pictures/generated/product/1/540_540_90/ostmann_kruter_der_provence_15g.jpg
1586,Lebensmittel,Würzmittel & Brühen,Gewürze-Kräuter,Ostmann Thymian gerebelt 15G,"2,29 €","152,67 €/kg","inkl. MwSt., zzgl. 4.95 € Versandkosten.",lieferbar innerhalb von 2-5 Werktagen,2023-05-03 00:22:41.997936,-,,"Verantwortliches Lebensmittelunternehmen:
Ostmann Gewürze GmbH, Industriestraße 25, 49201 Dissen a.T.W.",,,,,,,,,,https://www.edeka24.de/Lebensmittel/Wuerzmittel-Bruehen/Gewuerze-Kraeuter/Ostmann-Thymian-gerebelt-15G.html,https://www.edeka24.de/out/pictures/generated/product/1/540_540_90/ostmannthymiangerebelt.jpg
1587,Lebensmittel,Würzmittel & Brühen,Gewürze-Kräuter,Ostmann Zimt gemahlen 30G,"2,29 €","76,33 €/kg","inkl. MwSt., zzgl. 4.95 € Versandkosten.",lieferbar innerhalb von 2-5 Werktagen,2023-05-03 00:22:45.589932,-,,"Verantwortliches Lebensmittelunternehmen:
Ostmann Gewürze GmbH, Industriestraße 25, 49201 Dissen a.T.W.",,,,,,,,,,https://www.edeka24.de/Lebensmittel/Wuerzmittel-Bruehen/Gewuerze-Kraeuter/Ostmann-Zimt-gemahlen-30G.html,https://www.edeka24.de/out/pictures/generated/product/1/540_540_90/ostmannzimtgemahlen.jpg
1588,Lebensmittel,Würzmittel & Brühen,Gewürze-Kräuter,Just Spices Pasta Allrounder 45G,"5,49 €","122,00 €/kg","inkl. MwSt., zzgl. 4.95 € Versandkosten.",lieferbar innerhalb von 2-5 Werktagen,2023-05-03 00:22:48.974576,-,,"Verantwortliches Lebensmittelunternehmen:
Just Spices GmbH, D-40549 Düsseldorf","Zutatenverzeichnis: Paprika edelsüß, Tomaten, Zwiebeln, Meersalz, Paprika - rot, Lauch, SELLERIE, Chili ohne Kerne, Korianderkörner, Schwarzer Pfeffer, Basilikum, Petersilie, Schnittlauch, Rosa Beeren, Oregano, Thymian, Rosmarin, Zitronenmyrte, Fenchelsaat, Lorbeerblätter. Kann Spuren von NÜSSEN, SOJA, GLUTEN, SELLERIE, SESAM und SENF enthalten",1160,277,"6,9","1,2",32,29,12,"9,2",https://www.edeka24.de/Lebensmittel/Wuerzmittel-Bruehen/Gewuerze-Kraeuter/Just-Spices-Pasta-Allrounder-45G.html,https://www.edeka24.de/out/pictures/generated/product/1/540_540_90/pastaallrounder.jpg
1589,Lebensmittel,Würzmittel & Brühen,Gewürze-Kräuter,Just Spices Italian Allrounder Standard 57G,"3,99 €","70,00 €/kg","inkl. MwSt., zzgl. 4.95 € Versandkosten.",lieferbar innerhalb von 2-5 Werktagen,2023-05-03 00:22:52.475450,Gewürzzubereitung Italienischer Art,Hinweis zur Aufbewahrung: Kühl und trocken lagern.,"Verantwortliches Lebensmittelunternehmen:
Just Spices GmbH, Schiesstr. 44a, 40549 Düsseldorf","Zutatenverzeichnis: Schwarzer Pfeffer (Tellicherry) geschrotet, Meersalz, Tomatenpulver, Paprikapulver, Zwiebelraspeln, Rosmarin geschnitten, Knoblauchraspeln, Chiliraspeln, Salbei geschnitten, Thymian gerebelt, Fenchel ganz, Basilikum gerebelt, Majoran gerebelt, Oregano gerebelt. Kann Spuren von GLUTENHALTIGEM GETREIDE, EI, MILCH, SCHALENFRÜCHTEN. SENF, SOJA, SELLERIE, SESAMSAMEN und ERDNÜSSEN enthalten.",1173,279,"5,4","1,3",40,34,10,"16,7",https://www.edeka24.de/Lebensmittel/Wuerzmittel-Bruehen/Gewuerze-Kraeuter/Just-Spices-Italian-Allrounder-Standard-57G.html,https://www.edeka24.de/out/pictures/generated/product/1/540_540_90/justspicesitalianallrounder.jpg
1590,Lebensmittel,Würzmittel & Brühen,Gewürze-Kräuter,Fuchs Kardamom ganz 45G,"6,99 €","155,33 €/kg","inkl. MwSt., zzgl. 4.95 € Versandkosten.",lieferbar innerhalb von 2-5 Werktagen,2023-05-03 00:22:55.873013,Kardamom ganz,,"Verantwortliches Lebensmittelunternehmen:
Fuchs Gewürze GmbH, 49198 Dissen",Zutatenverzeichnis: Kardamom.,,,,,,,,,https://www.edeka24.de/Lebensmittel/Wuerzmittel-Bruehen/Gewuerze-Kraeuter/Fuchs-Kardamom-ganz-45G.html,https://www.edeka24.de/out/pictures/generated/product/1/540_540_90/fuchs_cardamom_ganz_45g.jpg
1593,Lebensmittel,Würzmittel & Brühen,Gewürze-Kräuter,Fuchs Cafe de Paris Gewürz 65G,"3,99 €","61,38 €/kg","inkl. MwSt., zzgl. 4.95 € Versandkosten.",lieferbar innerhalb von 2-5 Werktagen,2023-05-03 00:23:04.490411,Café de Paris Gewürzsalz,,"Verantwortliches Lebensmittelunternehmen:
FUCHS Gewürze GmbH, 49198 Dissen","Zutatenverzeichnis: Meersalz, Curry (Kurkuma (10%), Koriander, Bockshornkleesaat, Fenchel (2,5%), Kreuzkümmel (1,8%), Knoblauch, Chili, Petersilie, Gewürze), Zwiebeln, Knoblauch, Paprika, Petersilie, Schnittlauch, Tomaten, Majoran, Thymian, Zitrone, Pfeffer, Rosmarin",902,215,"4,1","0,8","30,9","9,5","8,2","39,3",https://www.edeka24.de/Lebensmittel/Wuerzmittel-Bruehen/Gewuerze-Kraeuter/Fuchs-Cafe-de-Paris-Gewuerz-65G.html,https://www.edeka24.de/out/pictures/generated/product/1/540_540_90/fuchscafedeparis.jpg
1594,Lebensmittel,Würzmittel & Brühen,Gewürze-Kräuter,Ostmann Curry 30G,"1,99 €","66,33 €/kg","inkl. MwSt., zzgl. 4.95 € Versandkosten.",lieferbar innerhalb von 2-5 Werktagen,2023-05-03 00:23:08.167974,-,,"Verantwortliches Lebensmittelunternehmen:
Ostmann Gewürze GmbH, Industriestraße 25, 49201 Dissen a.T.W.","Zutatenverzeichnis: Curcuma, Kreuzkümmel, Koriander, Knoblauch, Fenchel, Petersilie, Oregano, Chillies, Bockshornkleesaat, Gewürze.",,,,,,,,,https://www.edeka24.de/Lebensmittel/Wuerzmittel-Bruehen/Gewuerze-Kraeuter/Ostmann-Curry-30G.html,https://www.edeka24.de/out/pictures/generated/product/1/540_540_90/ostmann_curry_30_g.jpg
1595,Lebensmittel,Würzmittel & Brühen,Gewürze-Kräuter,Just Spices Hähnchen Gewürz Standard 79G,"4,99 €","63,16 €/kg","inkl. MwSt., zzgl. 4.95 € Versandkosten.",lieferbar innerhalb von 2-5 Werktagen,2023-05-03 00:23:11.571342,-,,"Verantwortliches Lebensmittelunternehmen:
Just Spices GmbH, D-40549 Düsseldorf","Zutatenverzeichnis: Meersalz, Tafelsalz, Brauner Rohrzucker, Tomaten, Paprika edelsüß, Knoblauchflocken, Chili ohne Kerne, Rosmarin, Thymian, Salbei, Koriander, Kurkuma, Bockshornkleesaat, Kreuzkümmel, Fenchelsaat, Schwarzer Pfeffer, Nelken, Rauch. Kann Spuren von NÜSSEN, SOJA, GLUTEN, SELLERIE, SESAM und SENF enthalten",937,223,"4,2","0,9",36,31,"6,1","38,8",https://www.edeka24.de/Lebensmittel/Wuerzmittel-Bruehen/Gewuerze-Kraeuter/Just-Spices-Haehnchen-Gewuerz-Standard-79G.html,https://www.edeka24.de/out/pictures/generated/product/1/540_540_90/justspiceshhnchen.jpg
1596,Lebensmittel,Würzmittel & Brühen,Gewürze-Kräuter,Just Spices Kartoffel Allrounder 60G,"4,99 €","83,17 €/kg","inkl. MwSt., zzgl. 4.95 € Versandkosten.",lieferbar innerhalb von 2-5 Werktagen,2023-05-03 00:23:15.230313,-,,"Verantwortliches Lebensmittelunternehmen:
Just Spices GmbH, D-40549 Düsseldorf","Zutatenverzeichnis: Meersalz fein, Zwiebeln rot minced, Knoblauchflocken, Deutsches Rauchsalz granuliert, Paprika edelsüß gemahlen, Rosa Pfeffer geschrotet, Schnittlauch, Schwarzer Pfeffer gemahlen, Petersilie gemahlen, SENFSAAT braun, Korianderkörner gemahlen, Macisblüte gemahlen, Majoran gerebelt, Lorbeerblätter gemahlen, Muskatnuss gemahlen",888,212,"4,1","0,9",28,19,"8,6","34,5",https://www.edeka24.de/Lebensmittel/Wuerzmittel-Bruehen/Gewuerze-Kraeuter/Just-Spices-Kartoffel-Allrounder-60G.html,https://www.edeka24.de/out/pictures/generated/product/1/540_540_90/justspiceskartoffelallrounder.jpg
1599,Lebensmittel,Würzmittel & Brühen,Gewürze-Kräuter,Just Spices Avocado Topping 60G,"5,99 €","99,83 €/kg","inkl. MwSt., zzgl. 4.95 € Versandkosten.",lieferbar innerhalb von 2-5 Werktagen,2023-05-03 00:23:26.610894,Würzmischung für Avocado-Gerichte,Hinweis zur Aufbewahrung: Kühl und trocken lagern.,"Verantwortliches Lebensmittelunternehmen:
Just Spices GmbH, Schiesstr. 44a, 40549 Düsseldorf","Zutatenverzeichnis: Meersalzflocken, SESAM schwarz ganz, Tomatenflocken, Pfeffer schwarz geschrotet, Chiliraspeln, rosa Beeren geschrotet. Kann Spuren von ERDNÜSSEN, WEIZEN, GERSTE, DINKEL, MANDELN, MILCH, SELLERIE und SENF enthalten.",1008,243,18,"2,6",10,"7,1","8,1","41,7",https://www.edeka24.de/Lebensmittel/Wuerzmittel-Bruehen/Gewuerze-Kraeuter/Just-Spices-Avocado-Topping-60G.html,https://www.edeka24.de/out/pictures/generated/product/1/540_540_90/just_spices_avocado_topping_60g.jpg
1600,Lebensmittel,Würzmittel & Brühen,Gewürze-Kräuter,Just Spices Pizzagewürz 43G,"4,99 €","116,05 €/kg","inkl. MwSt., zzgl. 4.95 € Versandkosten.",lieferbar innerhalb von 2-5 Werktagen,2023-05-03 00:23:30.026773,-,,"Verantwortliches Lebensmittelunternehmen:
Just Spices GmbH, Schiesstr. 44a, 40549 Düsseldorf","Zutatenverzeichnis: Knoblauch, Oregano, Zwiebeln, Majoran, Basilikum. Kann Spuren von NÜSSEN, SOJA, GLUTEN, SELLERIE, SESAM und SENF enthalten",,,,,,,,,https://www.edeka24.de/Lebensmittel/Wuerzmittel-Bruehen/Gewuerze-Kraeuter/Just-Spices-Pizzagewuerz-43G.html,https://www.edeka24.de/out/pictures/generated/product/1/540_540_90/justspicespizzagewrz.jpg
1602,Lebensmittel,Würzmittel & Brühen,Gewürze-Kräuter,Fuchs Aglio e Olio Gewürz 50G,"3,99 €","79,80 €/kg","inkl. MwSt., zzgl. 4.95 € Versandkosten.",lieferbar innerhalb von 2-5 Werktagen,2023-05-03 00:23:35.913017,Aglio e Olio Gewürzzubereitung,,"Verantwortliches Lebensmittelunternehmen:
FUCHS Gewürze GmbH, 49198 Dissen","Zutatenverzeichnis: Knoblauch geröstet (Knoblauch, Sonnenblumenöl) (25 %), Fleur de Sel Meersalz (25 %), Chili, Tomaten, Jalapeno (5 %), Petersilie",874,209,"5,3","0,9","25,5","11,2","8,9","24,7",https://www.edeka24.de/Lebensmittel/Wuerzmittel-Bruehen/Gewuerze-Kraeuter/Fuchs-Aglio-e-Olio-Gewuerz-50G.html,https://www.edeka24.de/out/pictures/generated/product/1/540_540_90/fuchsaglioeolio.jpg
1603,Lebensmittel,Würzmittel & Brühen,Gewürze-Kräuter,Block House Zauber Gewüzsalz 70G,"3,49 €","49,86 €/kg","inkl. MwSt., zzgl. 4.95 € Versandkosten.",lieferbar innerhalb von 2-5 Werktagen,2023-05-03 00:23:38.936585,Gewürzsalz,,"Verantwortliches Lebensmittelunternehmen:
Block House 22339 Hamburg","Zutatenverzeichnis: Speisesalz, Pfeffer, Würze, Paprika, Knoblauch, Dextrose, Koriander, Gewürze, Kräuter, Rapsöl, Invertzuckersirup, Zwiebelpulver, Gewürzextrakt (enthält SELLERIE)",545,130,"3,6","1,5",15,"6,9","5,2","60,7",https://www.edeka24.de/Lebensmittel/Wuerzmittel-Bruehen/Gewuerze-Kraeuter/Block-House-Zauber-Gewuezsalz-70G.html,https://www.edeka24.de/out/pictures/generated/product/1/540_540_90/block_house_zauber_gewuerzsalz_70g.jpg
1604,Lebensmittel,Würzmittel & Brühen,Gewürze-Kräuter,Ostmann Muskatnüsse 2ST,"2,19 €","1,10 €/st","inkl. MwSt., zzgl. 4.95 € Versandkosten.",lieferbar innerhalb von 2-5 Werktagen,2023-05-03 00:23:43.150129,-,,"Verantwortliches Lebensmittelunternehmen:
Ostmann Gewürze GmbH, Industriestraße 25, 49201 Dissen a.T.W.",,,,,,,,,,https://www.edeka24.de/Lebensmittel/Wuerzmittel-Bruehen/Gewuerze-Kraeuter/Ostmann-Muskatnuesse-2ST.html,https://www.edeka24.de/out/pictures/generated/product/1/540_540_90/ostmann_muskatnamp252sse_2st.jpg
1605,Lebensmittel,Würzmittel & Brühen,Gewürze-Kräuter,Fuchs Chiliflocken 40G,"4,79 €","119,75 €/kg","inkl. MwSt., zzgl. 4.95 € Versandkosten.",lieferbar innerhalb von 2-5 Werktagen,2023-05-03 00:23:46.650408,Chili Flocken,,"Verantwortliches Lebensmittelunternehmen:
Fuchs Gewürze GmbH, 49198 Dissen",Zutatenverzeichnis: Chili Flocken.,,,,,,,,,https://www.edeka24.de/Lebensmittel/Wuerzmittel-Bruehen/Gewuerze-Kraeuter/Fuchs-Chiliflocken-40G.html,https://www.edeka24.de/out/pictures/generated/product/1/540_540_90/fuchs_chiliflocken_40g.jpg
1606,Lebensmittel,Würzmittel & Brühen,Gewürze-Kräuter,Just Spices Kräuter Quark Gewürz 32G,"3,99 €","124,69 €/kg","inkl. MwSt., zzgl. 4.95 € Versandkosten.",lieferbar innerhalb von 2-5 Werktagen,2023-05-03 00:23:50.039790,-,,"Verantwortliches Lebensmittelunternehmen:
Just Spices GmbH, D-40549 Düsseldorf","Zutatenverzeichnis: Knoblauchflocken, Zwiebeln, Meersalz, Basilikum, Petersilie, Dillspitzen, Schnittlauch, Oregano. Kann Spuren von NÜSSEN, SOJA, GLUTEN, SELLERIE, SESAM und SENF enthalten",1100,261,"1,7","0,3",39,24,13,"15,9",https://www.edeka24.de/Lebensmittel/Wuerzmittel-Bruehen/Gewuerze-Kraeuter/Just-Spices-Kraeuter-Quark-Gewuerz-32G.html,https://www.edeka24.de/out/pictures/generated/product/1/540_540_90/justspiceskruterquarkgewrz.jpg
1608,Lebensmittel,Würzmittel & Brühen,Gewürze-Kräuter,"Ostmann Basilikum gerebelt 12,5G","2,19 €","175,20 €/kg","inkl. MwSt., zzgl. 4.95 € Versandkosten.",lieferbar innerhalb von 2-5 Werktagen,2023-05-03 00:23:55.570416,Basilikum gerebelt,,"Verantwortliches Lebensmittelunternehmen:
Ostmann Gewürze GmbH, 49198 Dissen",Zutatenverzeichnis: Basilikum.,,,,,,,,,https://www.edeka24.de/Lebensmittel/Wuerzmittel-Bruehen/Gewuerze-Kraeuter/Ostmann-Basilikum-gerebelt-12-5G.html,https://www.edeka24.de/out/pictures/generated/product/1/540_540_90/ostmann_basilikum_gerebelt_125g.jpg
1609,Lebensmittel,Würzmittel & Brühen,Gewürze-Kräuter,Ostmann Kurkuma gemahlen 35G,"2,39 €","68,29 €/kg","inkl. MwSt., zzgl. 4.95 € Versandkosten.",lieferbar innerhalb von 2-5 Werktagen,2023-05-03 00:23:58.617878,Curcuma gemahlen,,"Verantwortliches Lebensmittelunternehmen:
Ostmann Gewürze GmbH, 49198 Dissen",Zutatenverzeichnis: Curcuma.,,,,,,,,,https://www.edeka24.de/Lebensmittel/Wuerzmittel-Bruehen/Gewuerze-Kraeuter/Ostmann-Kurkuma-gemahlen-35G.html,https://www.edeka24.de/out/pictures/generated/product/1/540_540_90/ostmann_kurkuma_gemahlen_35g.jpg
1611,Lebensmittel,Würzmittel & Brühen,Gewürze-Kräuter,Gut & Günstig Paprika edelsüß 50G,"0,89 €","17,80 €/kg","inkl. MwSt., zzgl. 4.95 € Versandkosten.",lieferbar innerhalb von 2-5 Werktagen,2023-05-03 00:24:05.070072,"Paprika edelsüß, gemahlen",Hinweis zur Aufbewahrung: Trocken und lichtgeschützt lagern.,"Verantwortliches Lebensmittelunternehmen:
EDEKA ZENTRALE Stiftung & Co. KG, D-22291 Hamburg",,,,,,,,,,https://www.edeka24.de/Lebensmittel/Wuerzmittel-Bruehen/Gewuerze-Kraeuter/Gut-Guenstig-Paprika-edelsuess-50G.html,https://www.edeka24.de/out/pictures/generated/product/1/540_540_90/gutampampgamp220nstig_paprika_edelsamp252amp223_50g.jpg
1613,Lebensmittel,Würzmittel & Brühen,Gewürze-Kräuter,Just Spices Gemüse Allrounder 75G,"5,49 €","73,20 €/kg","inkl. MwSt., zzgl. 4.95 € Versandkosten.",lieferbar innerhalb von 2-5 Werktagen,2023-05-03 00:24:11.481368,-,,"Verantwortliches Lebensmittelunternehmen:
Just Spices GmbH, D-40549 Düsseldorf","Zutatenverzeichnis: Meersalz, Tellicherry Pfeffer, Knoblauchflocken, Zwiebeln, Paprika edelsüß, Kreuzkümmel, Zitronenschale, Cayenne Pfeffer. Kann Spuren von NÜSSEN, SOJA, GLUTEN, SELLERIE, SESAM und SENF enthalten",988,235,"3,6","0,6",35,24,"9,3","25,3",https://www.edeka24.de/Lebensmittel/Wuerzmittel-Bruehen/Gewuerze-Kraeuter/Just-Spices-Gemuese-Allrounder-75G.html,https://www.edeka24.de/out/pictures/generated/product/1/540_540_90/justspicesgemseallrounder.jpg
1614,Lebensmittel,Würzmittel & Brühen,Gewürze-Kräuter,Fuchs Szechuanpfeffer ganz 20G,"5,59 €","279,50 €/kg","inkl. MwSt., zzgl. 4.95 € Versandkosten.",lieferbar innerhalb von 2-5 Werktagen,2023-05-03 00:24:14.797588,Szechuan Pfeffer ganz,,"Verantwortliches Lebensmittelunternehmen:
Fuchs Gewürze GmbH, 49198 Dissen",Zutatenverzeichnis: Szechuan Pfeffer,,,,,,,,,https://www.edeka24.de/Lebensmittel/Wuerzmittel-Bruehen/Gewuerze-Kraeuter/Fuchs-Szechuanpfeffer-ganz-20G.html,https://www.edeka24.de/out/pictures/generated/product/1/540_540_90/fuchsszechuanpfeffer.jpg
1615,Lebensmittel,Würzmittel & Brühen,Gewürze-Kräuter,Fuchs Fenchel ganz 30G,"4,79 €","159,67 €/kg","inkl. MwSt., zzgl. 4.95 € Versandkosten.",lieferbar innerhalb von 2-5 Werktagen,2023-05-03 00:24:17.961538,Fenchel ganz,,"Verantwortliches Lebensmittelunternehmen:
Fuchs Gewürze GmbH, 49198 Dissen",Zutatenverzeichnis: Fenchel.,,,,,,,,,https://www.edeka24.de/Lebensmittel/Wuerzmittel-Bruehen/Gewuerze-Kraeuter/Fuchs-Fenchel-ganz-30G.html,https://www.edeka24.de/out/pictures/generated/product/1/540_540_90/fuchs_fenchel_ganz_30g.jpg
1616,Lebensmittel,Würzmittel & Brühen,Gewürze-Kräuter,Block House Knoblauch Pfeffer 50G,"3,49 €","69,80 €/kg","inkl. MwSt., zzgl. 4.95 € Versandkosten.",lieferbar innerhalb von 2-5 Werktagen,2023-05-03 00:24:21.178290,Würzmischung,,"Verantwortliches Lebensmittelunternehmen:
Block House 22339 Hamburg","Zutatenverzeichnis: Knoblauch (32%), Speisesalz, grüner Pfeffer (22%), Zucker, schwarzer Pfeffer, Gewürze, Rapsöl, Kräuter, Säuerungsmittel (Citronensäure).",1133,269,"2,7","0,3",51,21,"8,7","22,5",https://www.edeka24.de/Lebensmittel/Wuerzmittel-Bruehen/Gewuerze-Kraeuter/Block-House-Knoblauch-Pfeffer-50G.html,https://www.edeka24.de/out/pictures/generated/product/1/540_540_90/block_house_gruener_knoblauchpfeffer_50g.jpg
1617,Lebensmittel,Würzmittel & Brühen,Gewürze-Kräuter,Just Spices Rührei Gewürz 47G,"4,99 €","106,17 €/kg","inkl. MwSt., zzgl. 4.95 € Versandkosten.",lieferbar innerhalb von 2-5 Werktagen,2023-05-03 00:24:24.424646,-,,"Verantwortliches Lebensmittelunternehmen:
Just Spices GmbH, D-40549 Düsseldorf","Zutatenverzeichnis: Meersalz, Tellicherry Pfeffer, Paprika - rot, Petersilie, Schnittlauch. Kann Spuren von NÜSSEN, SOJA, GLUTEN, SELLERIE, SESAM und SENF enthalten",811,193,"3,6","0,7",26,24,"8,9","38,9",https://www.edeka24.de/Lebensmittel/Wuerzmittel-Bruehen/Gewuerze-Kraeuter/Just-Spices-Ruehrei-Gewuerz-47G.html,https://www.edeka24.de/out/pictures/generated/product/1/540_540_90/justspicesrhreigewrz.jpg
1618,Lebensmittel,Würzmittel & Brühen,Gewürze-Kräuter,Fuchs Tonkabohnen 5ST,"5,49 €","1,10 €/st","inkl. MwSt., zzgl. 4.95 € Versandkosten.",lieferbar innerhalb von 2-5 Werktagen,2023-05-03 00:24:28.354593,Tonkabohnen,,"Verantwortliches Lebensmittelunternehmen:
FUCHS Gewürze GmbH, 49198 Dissen",,,,,,,,,,https://www.edeka24.de/Lebensmittel/Wuerzmittel-Bruehen/Gewuerze-Kraeuter/Fuchs-Tonkabohnen-5ST.html,https://www.edeka24.de/out/pictures/generated/product/1/540_540_90/fuchs_tonkabohnen_5st.jpg
1619,Lebensmittel,Würzmittel & Brühen,Gewürze-Kräuter,Just Spices Stullen Spice 50G,"5,79 €","115,80 €/kg","inkl. MwSt., zzgl. 4.95 € Versandkosten.",lieferbar innerhalb von 2-5 Werktagen,2023-05-03 00:24:31.875840,-,,"Verantwortliches Lebensmittelunternehmen:
Just Spices GmbH, D-40549 Düsseldorf","Zutatenverzeichnis: Fleur de Sel, rote Paprika, Tomate, rote Zwiebel, Porreeflocken, Schwarzkümmel, Rauchsalz (Meersalz, Buchenrauch), Schnittlauch, grüner Pfeffer, braune SENFSAAT, Bohnenkraut, Macis, Zitronen-Myrteflocken",943,226,"7,4","1,2",21,19,11,"24,5",https://www.edeka24.de/Lebensmittel/Wuerzmittel-Bruehen/Gewuerze-Kraeuter/Just-Spices-Stullen-Spice-50G.html,https://www.edeka24.de/out/pictures/generated/product/1/540_540_90/af70c733e1bd4d21bfb453ab0e1bd0f8.jpg
1620,Lebensmittel,Würzmittel & Brühen,Gewürze-Kräuter,Fuchs Bruschetta Gewürzzubereitung 50G,"3,99 €","79,80 €/kg","inkl. MwSt., zzgl. 4.95 € Versandkosten.",lieferbar innerhalb von 2-5 Werktagen,2023-05-03 00:24:35.328138,Bruschetta Gewürzmischung,,"Verantwortliches Lebensmittelunternehmen:
FUCHS Gewürze GmbH, 49198 Dissen","Zutatenverzeichnis: Fleur de Sel Meersalz (30 %), Tomate (25,7 %), Knoblauch geröstet (Knoblauch, Sonnenblumenöl) (15 %), Rohrohrzucker, Zwiebel, Pfeffer, Petersilie, Basilikum, Thymian",991,234,"1,3","0,3",44,29,"6,5","29,7",https://www.edeka24.de/Lebensmittel/Wuerzmittel-Bruehen/Gewuerze-Kraeuter/Fuchs-Bruschetta-Gewuerzzubereitung-50G.html,https://www.edeka24.de/out/pictures/generated/product/1/540_540_90/fuchsbruschetta.jpg
1621,Lebensmittel,Würzmittel & Brühen,Gewürze-Kräuter,Fuchs Paprika geräuchert 45G,"3,99 €","88,67 €/kg","inkl. MwSt., zzgl. 4.95 € Versandkosten.",lieferbar innerhalb von 2-5 Werktagen,2023-05-03 00:24:38.836110,"Paprika geräuchert, gemahlen",,"Verantwortliches Lebensmittelunternehmen:
Fuchs Gewürze GmbH, 49198 Dissen","Zutatenverzeichnis: Paprika, Rauch.",,,,,,,,,https://www.edeka24.de/Lebensmittel/Wuerzmittel-Bruehen/Gewuerze-Kraeuter/Fuchs-Paprika-geraeuchert-45G.html,https://www.edeka24.de/out/pictures/generated/product/1/540_540_90/fuchspapger(1).jpg
1622,Lebensmittel,Würzmittel & Brühen,Salatkräuter,Knorr Salatkrönung Würzige Gartenkräuter 5ST 40G,"1,39 €","34,75 €/kg","inkl. MwSt., zzgl. 4.95 € Versandkosten.",lieferbar innerhalb von 2-5 Werktagen,2023-05-03 00:24:42.328529,Zubereitung für Kräuterdressing,,"Verantwortliches Lebensmittelunternehmen:
Unilever Deutschland, Postfach 570 237, 22771 Hamburg","Zutatenverzeichnis: Zucker, jodiertes Speisesalz, 13% Kräuter (8% Petersilie², 5% Schnittlauch²), Säureregulator Natriumdiacetat, Säuerungsmittel Citronensäure, gemahlene SENFKÖRNER, Stärke, MILCHZUCKER, Zwiebeln², Palmöl², Knoblauch², Pfeffer, Spinatpulver², Zitronensaftpulver², Speisesalz.²aus nachhaltigem Anbau. Kann Spuren von GLUTEN, EI und SELLERIE enthalten.",1810,432,46,"6,9",4,"3,3","0,5","2,2",https://www.edeka24.de/Lebensmittel/Wuerzmittel-Bruehen/Salatkraeuter/Knorr-Salatkroenung-Wuerzige-Gartenkraeuter-5ST-40G.html,https://www.edeka24.de/out/pictures/generated/product/1/540_540_90/knorr_salatkrgartenkraeut40g.jpg
1623,Lebensmittel,Würzmittel & Brühen,Salatkräuter,Knorr Kräuterlinge zum Streuen Italienische Kräuter 60G,"2,09 €","34,83 €/kg","inkl. MwSt., zzgl. 4.95 € Versandkosten.",lieferbar innerhalb von 2-5 Werktagen,2023-05-03 00:24:46.135786,Würzkomposition mit Kräutern und Gewürzen,Hinweis zur Aufbewahrung: Verschlossen und trocken aufbewahren.,"Verantwortliches Lebensmittelunternehmen:
Unilever Deutschland Holding GmbH, Am Strandkai 1 , D-20457 Hamburg","Zutatenverzeichnis: Speisesalz, Zucker, Geschmacksverstärker (Mononatriumglutamat, Dinatriuminosinat, Dinatriumguanylat), 14% Kräuter (6,2% Oregano¹, Petersilie¹, 2,6% Basilikum¹, Lorbeerblätter, 1% Rosmarin), Palmfett, Maiskeimöl, Röstzwiebeln¹, Hefeextrakt, SELLERIEPULVER¹, Muskatnuss, Kräuterextrakte (Basilikum, Oregano), Gewürzextrakte (Knoblauch, Pfeffer), Zwiebelextrakt. ¹ aus nachhaltigem Anbau.Kann Spuren von GLUTEN, MILCH, EI, SOJA und SENF enthalten.",979,230,"7,5","2,8",23,19,12,"44,6",https://www.edeka24.de/Lebensmittel/Wuerzmittel-Bruehen/Salatkraeuter/Knorr-Kraeuterlinge-zum-Streuen-Italienische-Kraeuter-60G.html,https://www.edeka24.de/out/pictures/generated/product/1/540_540_90/knorr_kruterlinge_zum_streuen_italienische_kruter_60_g.jpg
1624,Lebensmittel,Würzmittel & Brühen,Salatkräuter,Knorr Kräuterlinge zum Streuen Gartenkräuter 60G,"2,09 €","34,83 €/kg","inkl. MwSt., zzgl. 4.95 € Versandkosten.",lieferbar innerhalb von 2-5 Werktagen,2023-05-03 00:24:50.016721,Würzkomposition aus Kräutern und Gewürzen,Hinweis zur Aufbewahrung: Verschlossen und trocken aufbewahren.,"Verantwortliches Lebensmittelunternehmen:
Unilever Deutschland Holding GmbH, Am Strandkai 1 , D-20457 Hamburg","Zutatenverzeichnis: Speisesalz, 19% Kräuter (7,1% Schnittlauch¹, Kerbel¹, 3,7% Dill¹, 1,7% Petersilie¹, Liebstöckel¹), Geschmacksverstärker (Mononatriumglutamat, Dinatriuminosinat, Dinatriumguanylat), Zucker, Maiskeimöl, Hefeextrakt, SELLERIEPULVER¹, Zwiebeln¹, Basilikumextrakt, Muskatnuss. Kann GLUTENHALTIGE GETREIDE, MILCH, EI, SOJA und SENF enthalten. ¹aus nachhaltigem Anbau.",931,222,"7,6","1,1",21,19,14,"44,7",https://www.edeka24.de/Lebensmittel/Wuerzmittel-Bruehen/Salatkraeuter/Knorr-Kraeuterlinge-zum-Streuen-Gartenkraeuter-60G.html,https://www.edeka24.de/out/pictures/generated/product/1/540_540_90/knorr_kruterlinge_zum_streuen_gartenkruter_60_g.jpg
1625,Lebensmittel,Würzmittel & Brühen,Salatkräuter,Knorr Salat Krönung Universal Kräuter 500G,"11,99 €","23,98 €/kg","inkl. MwSt., zzgl. 4.95 € Versandkosten.",lieferbar innerhalb von 2-5 Werktagen,2023-05-03 00:24:53.570366,Trockenmischung für klares Dressing,Hinweis zur Aufbewahrung: Trocken und vor Wärme geschützt lagern. Dose stets verschlossen aufbewahren.,"Verantwortliches Lebensmittelunternehmen:
Unilever Deutschland GmbH, Knorrstraße 1, 74074 Heilbronn","Zutatenverzeichnis: Zucker, Maltodextrin, jodiertes Speisesalz, modifizierte Stärke, Säureregulator (Natriumdiacetat), Säuerungsmittel (Citronensäure), 3,8% Dill, 1,8% Petersilie, Maiskeimöl, Verdickungsmittel (Xanthan), 1,4% Schnittlauch, Gewürze (Pfeffer, Curcuma), Stärke, Speisesalz, Aromen. ¹o.d.A.: Die Rezeptur enthält keine deklarationspflichtigen mit allergenem Potential gemäß der Verordnung EU Nr. 1169/2011 (Anhang II).¹ ¹ Technologisch unvermeidbare Spuren von GLUTEN, MILCH, EI, SOJA, SELLERIE und SENF können nicht ausgeschlossen werden.",222,931,21,3,"8,3","4,3","0,5","2,4",https://www.edeka24.de/Lebensmittel/Wuerzmittel-Bruehen/Salatkraeuter/Knorr-Salat-Kroenung-Universal-Kraeuter-500G.html,https://www.edeka24.de/out/pictures/generated/product/1/540_540_90/knorr_salat_krnung_universal_kruter.jpg
1626,Lebensmittel,Würzmittel & Brühen,Salatkräuter,Knorr Salatkrönung Gartenkräuter mit Knoblauch 5ST 40G,"1,39 €","34,75 €/kg","inkl. MwSt., zzgl. 4.95 € Versandkosten.",lieferbar innerhalb von 2-5 Werktagen,2023-05-03 00:24:56.835538,Zubereitung für Kräuterdressing,,"Verantwortliches Lebensmittelunternehmen:
Unilever Deutschland, Postfach 570 237, 22771 Hamburg","Zutatenverzeichnis: jodiertes Speisesalz, Zucker, Stärke, 11% Kräuter (Petersilie², Schnittlauch²), Zitrusfaser, 6% Knoblauch², Säureregulator Natriumdiacetat, Säuerungsmittel Citronensäure, gemahlene SENFKÖRNER, Palmöl², MILCHZUCKER, Zwiebeln², Pfeffer, Curcuma.²aus nachhaltigem Anbau. Kann Spuren von GLUTEN, EI und SELLERIE enthalten.",1809,432,46,"6,9","3,7","2,1","0,5","1,9",https://www.edeka24.de/Lebensmittel/Wuerzmittel-Bruehen/Salatkraeuter/Knorr-Salatkroenung-Gartenkraeuter-mit-Knoblauch-5ST-40G.html,https://www.edeka24.de/out/pictures/generated/product/1/540_540_90/knorr_salatkrgartenkrkno40g.jpg
1627,Lebensmittel,Würzmittel & Brühen,Salatkräuter,Knorr Salatkrönung Zwiebel-Kräuter 5ST 40G,"1,39 €","34,75 €/kg","inkl. MwSt., zzgl. 4.95 € Versandkosten.",lieferbar innerhalb von 2-5 Werktagen,2023-05-03 00:25:00.185559,-,,"Verantwortliches Lebensmittelunternehmen:
Unilever Deutschland, Postfach 570 237, 22771 Hamburg","Zutatenverzeichnis: Zucker, jodiertes Speisesalz, 13% Zwiebeln², Stärke, 7% Kräuter (Petersilie², Kerbel²), Säureregulator Natriumdiacetat, Säuerungsmittel Citronensäure, gemahlene SENFKÖRNER, MILCHZUCKER, Palmöl², Zitrusfaser, Pfeffer, Zitronensaftpulver², Knoblauch², Speisesalz, Curcuma.²aus nachhaltigem Anbau. Kann Spuren von GLUTEN, EI und SELLERIE enthalten.",1811,432,46,"6,9","4,4","3,1","0,5",2,https://www.edeka24.de/Lebensmittel/Wuerzmittel-Bruehen/Salatkraeuter/Knorr-Salatkroenung-Zwiebel-Kraeuter-5ST-40G.html,https://www.edeka24.de/out/pictures/generated/product/1/540_540_90/knorr_salatkrzwiebkraeut40g.jpg
1628,Lebensmittel,Würzmittel & Brühen,Salatkräuter,Knorr Salatkrönung Kartoffelsalat 5ST 40G,"1,39 €","34,75 €/kg","inkl. MwSt., zzgl. 4.95 € Versandkosten.",lieferbar innerhalb von 2-5 Werktagen,2023-05-03 00:25:03.735926,Zubereitung für Kräuterdressing,,"Verantwortliches Lebensmittelunternehmen:
Unilever Deutschland, Postfach 570 237, 22771 Hamburg","Zutatenverzeichnis: Zucker, jodiertes Speisesalz, Stärke, Säureregulator Natriumdiacetat, Säuerungsmittel Citronensäure, Knoblauch², 5% Kräuter (3% Schnittlauch², Petersilie²), Zitrusfaser, MILCHZUCKER, gemahlene SENFKÖRNER, Palmöl², Zwiebeln², Curcuma, Pfeffer, Aromen. ²aus nachhaltigem Anbau Kann Spuren von GLUTEN, EI, SOJA und SELLERIE enthalten.",934,223,23,"3,5","3,3","2,1","0,5","1,5",https://www.edeka24.de/Lebensmittel/Wuerzmittel-Bruehen/Salatkraeuter/Knorr-Salatkroenung-Kartoffelsalat-5ST-40G.html,https://www.edeka24.de/out/pictures/generated/product/1/540_540_90/knorr_salatkramp246nung_kartoffelsalat_famp252r_600ml_40g.jpg
1629,Lebensmittel,Würzmittel & Brühen,Salatkräuter,Knorr Kräuterlinge zum Streuen Frühlingskräuter 60G,"2,09 €","34,83 €/kg","inkl. MwSt., zzgl. 4.95 € Versandkosten.",lieferbar innerhalb von 2-5 Werktagen,2023-05-03 00:25:07.826457,Würzkomposition mit Kräutern und Gewürzen,Hinweis zur Aufbewahrung: Verschlossen und trocken aufbewahren.,"Verantwortliches Lebensmittelunternehmen:
Unilever Deutschland Holding GmbH, Am Strandkai 1 , D-20457 Hamburg","Zutatenverzeichnis: jodiertes Speisesalz, 18% Kräuter (5,2% Petersilie¹, 4% SELLERIEBLÄTTER, 4% Schnittlauch¹, 3,6% Kerbel¹, Liebstöckelblätter¹), Geschmacksverstärker (Mononatriumglutamat, Dinatriuminosinat, Dinatriumguanylat), Zucker, Maiskeimöl, 3,9% Knoblauch¹, Hefeextrakt, KNOLLENSELLERIE¹, Zwiebeln¹, Speisesalz, Basilikumextrakt, Muskatnuss. ¹aus nachhaltigem Anbau. Kann Spuren von GLUTEN, MILCH, EI, SOJA und SENF enthalten.",1008,241,"8,4","1,2",24,19,14,"40,8",https://www.edeka24.de/Lebensmittel/Wuerzmittel-Bruehen/Salatkraeuter/Knorr-Kraeuterlinge-zum-Streuen-Fruehlingskraeuter-60G.html,https://www.edeka24.de/out/pictures/generated/product/1/540_540_90/knorrkruterlingefrhl.jpg
1630,Lebensmittel,Würzmittel & Brühen,Salatkräuter,Knorr Salatkrönung Dill-Kräuter 5ST 45G,"1,39 €","30,89 €/kg","inkl. MwSt., zzgl. 4.95 € Versandkosten.",lieferbar innerhalb von 2-5 Werktagen,2023-05-03 00:25:11.777242,-,,"Verantwortliches Lebensmittelunternehmen:
Unilever Deutschland, Postfach 570 237, 22771 Hamburg","Zutatenverzeichnis: Zucker, jodiertes Speisesalz, Stärke, 9% Kräuter (5% Dill², Petersilie², Schnittlauch²), Säureregulator Natriumdiacetat, Säuerungsmittel Citronensäure, Zitrusfaser, MILCHZUCKER, Palmöl², gemahlene SENFKÖRNER, Zwiebeln², Pfeffer, Zitronensaftpulver², Speisesalz, Aromen.²aus nachhaltigem Anbau. Kann Spuren von GLUTEN, EI und SELLERIE enthalten.",434,1819,46,6,"4,6","3,7","0,5","2,5",https://www.edeka24.de/Lebensmittel/Wuerzmittel-Bruehen/Salatkraeuter/Knorr-Salatkroenung-Dill-Kraeuter-5ST-45G.html,https://www.edeka24.de/out/pictures/generated/product/1/540_540_90/knorr_salatkrdill_kraeuter45g.jpg
1631,Lebensmittel,Würzmittel & Brühen,Salatkräuter,Knorr Salatkrönung Balsamico-Kräuter 5ST 55G,"1,39 €","25,27 €/kg","inkl. MwSt., zzgl. 4.95 € Versandkosten.",lieferbar innerhalb von 2-5 Werktagen,2023-05-03 00:25:15.635618,Zubereitung für Kräuterdressing,,"Verantwortliches Lebensmittelunternehmen:
Unilever Deutschland, Postfach 570 237, 22771 Hamburg","Zutatenverzeichnis: Zucker, jodiertes Speisesalz, Stärke, Säureregulator Natriumdiacetat, Säuerungsmittel Citronensäure, 4,5% Kräuter (Petersilie², 1% Oregano²), Apfelpulver, Rohrzucker, 3% Balsamico-Essig-Pulver (Weinessig, Traubenmost), Paprika², gemahlene SENFKÖRNER, MILCHZUCKER, Zwiebeln², GERSTENMALZEXTRAKT, Palmöl², Curcuma², Knoblauch², Zitronensaftpulver², Pfeffer, Speisesalz.²aus nachhaltigem Anbau. Kann Spuren von EI und SELLERIE enthalten.",446,1867,46,"6,9","7,5","4,5","0,5",2,https://www.edeka24.de/Lebensmittel/Wuerzmittel-Bruehen/Salatkraeuter/Knorr-Salatkroenung-Balsamico-Kraeuter-5ST-55G.html,https://www.edeka24.de/out/pictures/generated/product/1/540_540_90/knorr_salatkrbalsakraeut55g.jpg
1632,Lebensmittel,Würzmittel & Brühen,Salatkräuter,Knorr Salatkrönung Griechische Art 5ST 45G,"1,39 €","30,89 €/kg","inkl. MwSt., zzgl. 4.95 € Versandkosten.",lieferbar innerhalb von 2-5 Werktagen,2023-05-03 00:25:19.890640,Zubereitung für Kräuterdressing,,"Verantwortliches Lebensmittelunternehmen:
Unilever Deutschland, Postfach 570 237, 22771 Hamburg","Zutatenverzeichnis: Zucker, jodiertes Speisesalz, Säureregulator Natriumdiacetat, Säuerungsmittel Citronensäure, Stärke, 6% Kräuter (Petersilie², Bohnenkraut²), 4.5% Knoblauch², Zitrusfaser, MILCHZUCKER, Schalotten², Tomaten², Palmöl², gemahlene SENFKÖRNER, Pfeffer, Gemüsepaprika², Zwiebeln², Spinatpulver², Paprika², Zitronensaftpulver², Speisesalz, Aromen.²aus nachhaltigem Anbau. Kann Spuren von GLUTEN, EI und SELLERIE enthalten.",1831,437,46,"6,9","5,2","3,9","0,5","1,5",https://www.edeka24.de/Lebensmittel/Wuerzmittel-Bruehen/Salatkraeuter/Knorr-Salatkroenung-Griechische-Art-5ST-45G.html,https://www.edeka24.de/out/pictures/generated/product/1/540_540_90/knorr_salatkrgriechart_45g.jpg
1634,Lebensmittel,Würzmittel & Brühen,Salatkräuter,Knorr Salatkrönung Küchenkräuter 5ST 40G,"1,39 €","34,75 €/kg","inkl. MwSt., zzgl. 4.95 € Versandkosten.",lieferbar innerhalb von 2-5 Werktagen,2023-05-03 00:25:28.699396,-,,"Verantwortliches Lebensmittelunternehmen:
Unilever Deutschland, Postfach 570 237, 22771 Hamburg","Zutatenverzeichnis: Zucker, jodiertes Speisesalz, Stärke, Säureregulator Natriumdiacetat, Säuerungsmittel Citronensäure, Knoblauch², 5% Kräuter (3% Schnittlauch², 2% Petersilie²), Zitrusfaser, MILCHZUCKER, gemahlene SENFKÖRNER, Palmöl², Zwiebeln², Pfeffer, Aromen, Curcuma².²aus nachhaltigem Anbau. Kann Spuren von GLUTEN, EI und SELLERIE enthalten.",1813,433,46,"6,9","4,4","2,8","0,5","1,7",https://www.edeka24.de/Lebensmittel/Wuerzmittel-Bruehen/Salatkraeuter/Knorr-Salatkroenung-Kuechenkraeuter-5ST-40G.html,https://www.edeka24.de/out/pictures/generated/product/1/540_540_90/knorr_salatkrkuechkraeut40g.jpg
1635,Lebensmittel,Würzmittel & Brühen,Salatkräuter,Knorr Salatkrönung 7-Kräuter 5ST 40G,"1,39 €","34,75 €/kg","inkl. MwSt., zzgl. 4.95 € Versandkosten.",lieferbar innerhalb von 2-5 Werktagen,2023-05-03 00:25:33.591188,-,,"Verantwortliches Lebensmittelunternehmen:
Unilever Deutschland, Postfach 570 237, 22771 Hamburg","Zutatenverzeichnis: Zucker, jodiertes Speisesalz, 12% Kräuter (5% Petersilie², 2,5% Schnittlauch², Basilikum², Kerbel², Rosmarin², Dill², Thymian²), Säureregulator Natriumdiacetat, Säuerungsmittel Citronensäure, Stärke, Zitrusfaser, MILCHZUCKER, gemahlene SENFKÖRNER, Palmöl², Pfeffer, Curcuma, Aromen.²aus nachhaltigem Anbau. Kann Spuren von GLUTEN, EI und SELLERIE enthalten.",1808,432,46,"6,9",4,"3,2","0,5","1,9",https://www.edeka24.de/Lebensmittel/Wuerzmittel-Bruehen/Salatkraeuter/Knorr-Salatkroenung-7-Kraeuter-5ST-40G.html,https://www.edeka24.de/out/pictures/generated/product/1/540_540_90/knorr_salatkr7_kraeuter_40g.jpg
1636,Lebensmittel,Würzmittel & Brühen,Salatkräuter,Knorr Salatkrönung Frühlingskräuter 5ST 40G,"1,39 €","34,75 €/kg","inkl. MwSt., zzgl. 4.95 € Versandkosten.",lieferbar innerhalb von 2-5 Werktagen,2023-05-03 00:25:38.195260,Zubereitung für Kräuterdressing,,"Verantwortliches Lebensmittelunternehmen:
Unilever Deutschland, Postfach 570 237, 22771 Hamburg","Zutatenverzeichnis: Zucker, 16% Kräuter ( Petersilie², 6% Kerbel², Liebstöckel²), jodiertes Speisesalz, Zitrusfaser, Säureregulator Natriumdiacetat, Säuerungsmittel Citronensäure, gemahlene SENFKÖRNER, Palmöl², Stärke, Zwiebeln², MILCHZUCKER, Knoblauch², Pfeffer, Frühlingszwiebeln². ²aus nachhaltigem Anbau. Kann Spuren von GLUTEN, EI und SELLERIE enthalten.",1981,473,51,"7,6","4,3","3,4","0,6","1,4",https://www.edeka24.de/Lebensmittel/Wuerzmittel-Bruehen/Salatkraeuter/Knorr-Salatkroenung-Fruehlingskraeuter-5ST-40G.html,https://www.edeka24.de/out/pictures/generated/product/1/540_540_90/knorr_salatkramp246nung_framp252hlingskramp228uter_famp252r_450ml_40g.jpg
1637,Lebensmittel,Würzmittel & Brühen,Salatkräuter,Knorr Salatkrönung Italienische Art 5ST 40G,"1,39 €","34,75 €/kg","inkl. MwSt., zzgl. 4.95 € Versandkosten.",lieferbar innerhalb von 2-5 Werktagen,2023-05-03 00:25:42.473156,-,,"Verantwortliches Lebensmittelunternehmen:
Unilever Deutschland, Postfach 570 237, 22771 Hamburg","Zutatenverzeichnis: Zucker, jodiertes Speisesalz, Stärke, 9% Kräuter (Petersilie², Thymian², Oregano², Basilikum²), Säureregulator Natriumdiacetat, Säuerungsmittel Citronensäure, Zwiebeln², Knoblauch², MILCHZUCKER, gemahlene SENFKÖRNER, 3% Tomatenpulver², Zitrusfaser, Palmöl², Liebstöckelwurzel², Pfeffer.²aus nachhaltigem Anbau. Kann Spuren von GLUTEN, EI und SELLERIE enthalten.",432,1811,46,"6,9","4,3","2,9","0,5","1,6",https://www.edeka24.de/Lebensmittel/Wuerzmittel-Bruehen/Salatkraeuter/Knorr-Salatkroenung-Italienische-Art-5ST-40G.html,https://www.edeka24.de/out/pictures/generated/product/1/540_540_90/knorr_salatkritalienart_40g.jpg
1638,Lebensmittel,Würzmittel & Brühen,Salatkräuter,Knorr Salatkrönung Französische Art 5ST 40G,"1,39 €","34,75 €/kg","inkl. MwSt., zzgl. 4.95 € Versandkosten.",lieferbar innerhalb von 2-5 Werktagen,2023-05-03 00:25:47.502457,Zubereitung für Kräuterdressing,,"Verantwortliches Lebensmittelunternehmen:
Unilever Deutschland, Postfach 570 237, 22771 Hamburg","Zutatenverzeichnis: Zucker, jodiertes Speisesalz, 13% Kräuter (Petersilie², Schnittlauch², Kerbel², Liebstöckel², Dill²), Säureregulator Natriumdiacetat, Säuerungsmittel Citronensäure, 8% Zwiebeln², Stärke, MILCHZUCKER, Zitrusfaser, gemahlene SENFKÖRNER, Palmöl², Pfeffer, Zitronensaftpulver², Speisesalz.²aus nachhaltigem Anbau. Kann Spuren von GLUTEN, EI und SELLERIE enthalten.",1815,433,46,"6,9",4,"3,3","0,5","1,5",https://www.edeka24.de/Lebensmittel/Wuerzmittel-Bruehen/Salatkraeuter/Knorr-Salatkroenung-Franzoesische-Art-5ST-40G.html,https://www.edeka24.de/out/pictures/generated/product/1/540_540_90/knorr_salatkrfranzoeart_40g.jpg
1639,Lebensmittel,Würzmittel & Brühen,Salatkräuter,"Knorr Salatkrönung Gartenkräuter XXL-Pack ergibt 2,1L","4,29 €","2,04 €/l","inkl. MwSt., zzgl. 4.95 € Versandkosten.",lieferbar innerhalb von 2-5 Werktagen,2023-05-03 00:25:51.604303,Zubereitung für Kräuterdressing,,"Verantwortliches Lebensmittelunternehmen:
Unilever Deutschland, Postfach 570 237, 22771 Hamburg","Zutatenverzeichnis: Zucker, jodiertes Speisesalz, 12% Kräuter (7,5% Petersilie², 5% Schnittlauch²), Säureregulator Natriumdiacetat, Säuerungsmittel Citronensäure, gemahlene SENFKÖRNER, Stärke, MILCHZUCKER, Zwiebeln², Palmöl², Knoblauch², Pfeffer, Spinatpulver², Zitronensaftpulver², Speisesalz.²aus nachhaltigem Anbau. Kann Spuren EI, SELLERIE, SOJA und GLUTENHALTIGE GETREIDE enthalten.",1796,429,46,"4,2",4,"3,3","0,5","2,1",https://www.edeka24.de/Lebensmittel/Wuerzmittel-Bruehen/Salatkraeuter/Knorr-Salatkroenung-Gartenkraeuter-XXL-Pack-ergibt-2-1L.html,https://www.edeka24.de/out/pictures/generated/product/1/540_540_90/knorrskgk.jpg
1640,Lebensmittel,Würzmittel & Brühen,Salatkräuter,Knorr Salatkrönung Feldsalat 5ST 40G,"1,39 €","34,75 €/kg","inkl. MwSt., zzgl. 4.95 € Versandkosten.",lieferbar innerhalb von 2-5 Werktagen,2023-05-03 00:25:55.302655,-,,"Verantwortliches Lebensmittelunternehmen:
Unilever Deutschland, Postfach 570 237, 22771 Hamburg","Zutatenverzeichnis: Zutaten: Zucker, 16% Kräuter ( Petersilie², Kerbel², Liebstöckel²), jodiertes Speisesalz, Zitrusfaser, Säureregulator Natriumdiacetat, Säuerungsmittel Citronensäure, gemahlene SENFKÖRNER, Palmöl², Stärke, Zwiebeln², MILCHZUCKER, Knoblauch², 1.5% Frühlingszwiebeln², Pfeffer.²aus nachhaltigem Anbau. Kann Spuren von GLUTEN, EI und SELLERIE enthalten.",473,1981,51,"7,6","4,3","3,4","0,6","1,4",https://www.edeka24.de/Lebensmittel/Wuerzmittel-Bruehen/Salatkraeuter/Knorr-Salatkroenung-Feldsalat-5ST-40G.html,https://www.edeka24.de/out/pictures/generated/product/1/540_540_90/knorr_salatkrfeldsalat_45g.jpg
1641,Lebensmittel,Würzmittel & Brühen,Salatkräuter,Knorr Salatkrönung Paprika-Kräuter 5ST 45G,"1,39 €","30,89 €/kg","inkl. MwSt., zzgl. 4.95 € Versandkosten.",lieferbar innerhalb von 2-5 Werktagen,2023-05-03 00:25:58.834505,Zubereitung für Kräuterdressing,,"Verantwortliches Lebensmittelunternehmen:
Unilever Deutschland, Postfach 570 237, 22771 Hamburg","Zutatenverzeichnis: Zucker, jodiertes Speisesalz, Säureregulator Natriumdiacetat, Säuerungsmittel Citronensäure, Stärke, 6% Kräuter (Petersilie², Schnittlauch²), Zitrusfaser, MILCHZUCKER, Knoblauch², 2,5% roter Gemüsepaprika², Palmöl², Paprika², Pfeffer, Zitronensaftpulver², Speisesalz.²aus nachhaltigem Anbau. Kann Spuren von GLUTEN, EI, SELLERIE und SENF enthalten.",1822,435,46,"6,9",5,4,"0,5","2,2",https://www.edeka24.de/Lebensmittel/Wuerzmittel-Bruehen/Salatkraeuter/Knorr-Salatkroenung-Paprika-Kraeuter-5ST-45G.html,https://www.edeka24.de/out/pictures/generated/product/1/540_540_90/knorr_salatkrnung_paprikakruter.jpg
1642,Lebensmittel,Würzmittel & Brühen,Salatkräuter,Leimer Croutons Kräuter 100G,"1,69 €","16,90 €/kg","inkl. MwSt., zzgl. 4.95 € Versandkosten.",lieferbar innerhalb von 2-5 Werktagen,2023-05-03 00:26:03.215236,Croutons Kräuter,Hinweis zur Aufbewahrung: Trocken lagern.,"Verantwortliches Lebensmittelunternehmen:
LEIMER KG, D-83278 Traunstein","Zutatenverzeichnis: WEIZENMEHL, Pflanzliches Fett (Palm), Salz, Kräuter, SÜSSMOLKENPULVER, Hefeextrakt, Gewürze, JOGHURTPULVER, SELLERIE, Aroma, Zucker, Hefe, Rapsöl",1875,447,"18,5","9,4","58,2","5,1","10,3","3,8",https://www.edeka24.de/Lebensmittel/Wuerzmittel-Bruehen/Salatkraeuter/Leimer-Croutons-Kraeuter-100G.html,https://www.edeka24.de/out/pictures/generated/product/1/540_540_90/leimer_croutons_kruter_100_g.jpg
1643,Lebensmittel,Würzmittel & Brühen,Salz,Bad Reichenhaller Jodsalz 500G,"0,79 €","1,58 €/kg","inkl. MwSt., zzgl. 4.95 € Versandkosten.",lieferbar innerhalb von 2-5 Werktagen,2023-05-03 00:26:07.080768,Jodiertes Speisesalz,Hinweis zur Aufbewahrung: trocken lagern (relative Luftfeuchtigkeit < 70 %),"Verantwortliches Lebensmittelunternehmen:
Südwestdeutsche Salzwerke AG, D-74076 Heilbronn","Zutatenverzeichnis: Siedesalz, Kaliumjodat, Trennmittel Natriumferrocyanid",0,0,0,0,0,0,0,100,https://www.edeka24.de/Lebensmittel/Wuerzmittel-Bruehen/Salz/Bad-Reichenhaller-Jodsalz-500G.html,https://www.edeka24.de/out/pictures/generated/product/1/540_540_90/bad_reichenhaller_jodsalz_500_g.jpg
1644,Lebensmittel,Würzmittel & Brühen,Salz,Bad Reichenhaller Alpensalz 500G,"0,79 €","1,58 €/kg","inkl. MwSt., zzgl. 4.95 € Versandkosten.",lieferbar innerhalb von 2-5 Werktagen,2023-05-03 00:26:10.676103,Speisesalz,Hinweis zur Aufbewahrung: Trocken aufbewahren.,"Verantwortliches Lebensmittelunternehmen:
Südwestdeutsche Salzwerke AG, D-74076 Heilbronn","Zutatenverzeichnis: Siedesalz, Trennmittel Natriumferrocyanid",,,,,,,,,https://www.edeka24.de/Lebensmittel/Wuerzmittel-Bruehen/Salz/Bad-Reichenhaller-Alpensalz-500G.html,https://www.edeka24.de/out/pictures/generated/product/1/540_540_90/bad_reichenhaller_markensalz_500_g.jpg
1645,Lebensmittel,Würzmittel & Brühen,Salz,Bad Reichenhaller Alpen Jod Salz + Fluorid 500G,"1,39 €","2,78 €/kg","inkl. MwSt., zzgl. 4.95 € Versandkosten.",lieferbar innerhalb von 2-5 Werktagen,2023-05-03 00:26:14.173705,Jodiertes Speisesalz mit Zusatz von Fluorid,Hinweis zur Aufbewahrung: Trocken aufbewahren.,"Verantwortliches Lebensmittelunternehmen:
Südwestdeutsche Salzwerke AG, 74076 Heilbronn","Zutatenverzeichnis: Siedesalz, Kaliumfluorid, Kaliumjodat, Trennmittel Natriumferrocyanid.",0,0,0,0,0,0,0,"99,9",https://www.edeka24.de/Lebensmittel/Wuerzmittel-Bruehen/Salz/Bad-Reichenhaller-Alpen-Jod-Salz-Fluorid-500G.html,https://www.edeka24.de/out/pictures/generated/product/1/540_540_90/reichenhjodsalzfluor_500g_ds.jpg
1646,Lebensmittel,Würzmittel & Brühen,Salz,Gut & Günstig Chilisalz 50G,"1,19 €","23,80 €/kg","inkl. MwSt., zzgl. 4.95 € Versandkosten.",lieferbar innerhalb von 2-5 Werktagen,2023-05-03 00:26:17.743195,Chilisalz mit 25% Chili geschrotet,Hinweis zur Aufbewahrung: Trocken und lichtgeschützt lagern.,"Verantwortliches Lebensmittelunternehmen:
EDEKA ZENTRALE Stiftung & Co. KG, D-22291 Hamburg","Zutatenverzeichnis: 50% Meersalz, 25% Chili geschrotet, Paprikasaat scharf (Paprikasaat, Chili-Extrakt). Das Produkt kann Spuren von GLUTEN, ERDNÜSSEN, MILCH, SCHALENFRÜCHTEN, SELLERIE und SENF enthalten.",767,184,"7,5","1,3","16,7","15,9","6,7","49,8",https://www.edeka24.de/Lebensmittel/Wuerzmittel-Bruehen/Salz/Gut-Guenstig-Chilisalz-50G.html,https://www.edeka24.de/out/pictures/generated/product/1/540_540_90/gutampampgamp220nstig_chilisalz_mit_verstellbarer_einweg_mamp252hle_50g.jpg
1647,Lebensmittel,Würzmittel & Brühen,Salz,Gut & Günstig Meersalz grobe Körner 110G,"1,19 €","10,82 €/kg","inkl. MwSt., zzgl. 4.95 € Versandkosten.",lieferbar innerhalb von 2-5 Werktagen,2023-05-03 00:26:21.278250,-,Hinweis zur Aufbewahrung: Trocken und vor Wärme geschützt lagern.,"Verantwortliches Lebensmittelunternehmen:
EDEKA ZENTRALE Stiftung & Co. KG, D-22291 Hamburg",,,,,,,,,,https://www.edeka24.de/Lebensmittel/Wuerzmittel-Bruehen/Salz/Gut-Guenstig-Meersalz-grobe-Koerner-110G.html,https://www.edeka24.de/out/pictures/generated/product/1/540_540_90/gutampampgamp220nstig_meersalz_mit_verstellbarer_einweg_mamp252hle_110g.jpg
1648,Lebensmittel,Würzmittel & Brühen,Salz,"Saldoro Urmeer Salz mit Jod, Fluorid & Folsäure 600G","1,09 €","1,82 €/kg","inkl. MwSt., zzgl. 4.95 € Versandkosten.",lieferbar innerhalb von 2-5 Werktagen,2023-05-03 00:26:24.376651,Jodiertes Speisesalz mit Zusatz von Fluorid und Folsäure.,Hinweis zur Aufbewahrung: Zusätzliche fluoridhaltige Präparate sollten nur auf ärztliche Empfehlung eingenommen werden.,"Verantwortliches Lebensmittelunternehmen:
K+S Minerals and Agriculture GmbH, Bertha-von-Suttner-Straße 7, 34131 Kassel","Zutatenverzeichnis: Steinsalz, Trennmittel: Magnesiumcarbonat, Kaliumjodat (0,0025-0,0042%), Kaliumfluorid (0,065-0,088%), Folsäure (0,01%), Kaliumjodat (0,0025-0,0042%).",0,0,0,0,0,0,0,100,https://www.edeka24.de/Lebensmittel/Wuerzmittel-Bruehen/Salz/Saldoro-Urmeer-Salz-mit-Jod-Fluorid-Folsaeure-600G.html,https://www.edeka24.de/out/pictures/generated/product/1/540_540_90/saldoro_urmeer_salz_mit_jod_fluorid_amp_folsure_600g(1).jpg
1649,Lebensmittel,Würzmittel & Brühen,Salz,Alnatura Meersalz 500G,"1,05 €","2,10 €/kg","inkl. MwSt., zzgl. 4.95 € Versandkosten.",lieferbar innerhalb von 2-5 Werktagen,2023-05-03 00:26:27.923068,Meersalz,Hinweis zur Aufbewahrung: Bitte trocken lagern.,"Verantwortliches Lebensmittelunternehmen:
Alnatura Produktions- und Handels GmbH, Mahatma-Gandhi-Str. 7, 64295 Darmstadt",,,,,,,,,,https://www.edeka24.de/Lebensmittel/Wuerzmittel-Bruehen/Salz/Alnatura-Meersalz-500G.html,https://www.edeka24.de/out/pictures/generated/product/1/540_540_90/alnatura_meersalz_500g.jpg
1650,Lebensmittel,Würzmittel & Brühen,Salz,Gut & Günstig Steak Gewürzsalz 60G,"1,19 €","19,83 €/kg","inkl. MwSt., zzgl. 4.95 € Versandkosten.",lieferbar innerhalb von 2-5 Werktagen,2023-05-03 00:26:31.195121,Steak-Gewürzsalz mit 20% ganzen Pfefferkörnern,Hinweis zur Aufbewahrung: Trocken und vor Wärme geschützt lagern.,"Verantwortliches Lebensmittelunternehmen:
EDEKA ZENTRALE Stiftung & Co. KG, D-22291 Hamburg","Zutatenverzeichnis: 64% Meersalz, 20% schwarzer Pfeffer ganz, Koriander ganz, 2% Knoblauchflocken, Zwiebelgranulat, SENFSAAT, 2% Chili geschrotet, Paprikaflocken. Das Produkt kann Spuren von GLUTEN, ERDNÜSSEN, MILCH, SCHALENFRÜCHTEN und SELLERIE enthalten.",,,,,,,,,https://www.edeka24.de/Lebensmittel/Wuerzmittel-Bruehen/Salz/Gut-Guenstig-Steak-Gewuerzsalz-60G.html,https://www.edeka24.de/out/pictures/generated/product/1/540_540_90/gutampampgamp220nstig_steak_gewamp252rzsalz_mit_ganzen_pfefferkamp246rner_in_verstellbarer_einweg_mamp252hle_ampnbsp60g.jpg
1651,Lebensmittel,Würzmittel & Brühen,Salz,Bad Reichenhaller Alpen Jodsalz 500G,"1,39 €","2,78 €/kg","inkl. MwSt., zzgl. 4.95 € Versandkosten.",lieferbar innerhalb von 2-5 Werktagen,2023-05-03 00:26:34.360593,Jodiertes Speisesalz,Hinweis zur Aufbewahrung: Trocken lagern.,"Verantwortliches Lebensmittelunternehmen:
Südwestdeutsche Salzwerke AG, D-74076 Heilbronn","Zutatenverzeichnis: Siedesalz, Kaliumjodat, Trennmittel Natriumferrocyanid",0,0,0,0,0,0,0,100,https://www.edeka24.de/Lebensmittel/Wuerzmittel-Bruehen/Salz/Bad-Reichenhaller-Alpen-Jodsalz-500G.html,https://www.edeka24.de/out/pictures/generated/product/1/540_540_90/reichenhjodsalz_500g_dose.jpg
1652,Lebensmittel,Würzmittel & Brühen,Salz,Aquasale Grobes Meersalz 1KG,"2,29 €","2,29 €/kg","inkl. MwSt., zzgl. 4.95 € Versandkosten.",lieferbar innerhalb von 2-5 Werktagen,2023-05-03 00:26:37.966613,-,Hinweis zur Aufbewahrung: Trocken aufbewahren.,"Verantwortliches Lebensmittelunternehmen:
Südwestdeutsche Salzwerke AG, D-74076 Heilbronn","Zutatenverzeichnis: Meersalz, Trennmittel Kaliumferrocyanid.",,,,,,,,,https://www.edeka24.de/Lebensmittel/Wuerzmittel-Bruehen/Salz/Aquasale-Grobes-Meersalz-1KG.html,https://www.edeka24.de/out/pictures/generated/product/1/540_540_90/aquasale_grobes_meersalz_1kg.jpg
1653,Lebensmittel,Würzmittel & Brühen,Salz,Le Saunier de Camargue Fleur de Sel 125G,"5,49 €","43,92 €/kg","inkl. MwSt., zzgl. 4.95 € Versandkosten.",lieferbar innerhalb von 2-5 Werktagen,2023-05-03 00:26:41.266420,-,,"Verantwortliches Lebensmittelunternehmen:
Le Saunier de Camargue, 30220 Aigues-Mortes(France)",,,,,,,,,,https://www.edeka24.de/Lebensmittel/Wuerzmittel-Bruehen/Salz/Le-Saunier-de-Camargue-Fleur-de-Sel-125G.html,https://www.edeka24.de/out/pictures/generated/product/1/540_540_90/camargue_fleur_de_sel_125g.jpg
1654,Lebensmittel,Würzmittel & Brühen,Salz,Bad Reichenhaller Knoblauch Salz 90G,"1,89 €","21,00 €/kg","inkl. MwSt., zzgl. 4.95 € Versandkosten.",lieferbar innerhalb von 2-5 Werktagen,2023-05-03 00:26:44.442965,KnoblauchSalz mit Jod und Folsäure,Hinweis zur Aufbewahrung: Nach Gebrauch verschließen,"Verantwortliches Lebensmittelunternehmen:
Südwestdeutsche Salzwerke AG, D-74076 Heilbronn","Zutatenverzeichnis: Siedesalz, 10 % Knoblauch, 5 % Kräuter und Gewürze (Petersilie, SELLERIE, Zwiebeln, Basilikum, Dill, Majoran, Lorbeer, Rosmarin, Oregano, Thymian), Trennmittel Calciumsalze der Speisefettsäuren, Folsäure, Kaliumjodat.",214,"50,6","0,2","0,1",9,"8,8","2,4","83,3",https://www.edeka24.de/Lebensmittel/Wuerzmittel-Bruehen/Salz/Bad-Reichenhaller-Knoblauch-Salz-90G.html,https://www.edeka24.de/out/pictures/generated/product/1/540_540_90/bad_reichenhaller_knoblauchsalz_mit_folsamp228ure_90g.jpg
1655,Lebensmittel,Würzmittel & Brühen,Salz,Bad Reichenhaller Kräuter Salz 90G,"1,89 €","21,00 €/kg","inkl. MwSt., zzgl. 4.95 € Versandkosten.",lieferbar innerhalb von 2-5 Werktagen,2023-05-03 00:26:48.109977,KräuterSalz mit Folsäure,,"Verantwortliches Lebensmittelunternehmen:
SÜDSALZ GmbH, 83435 Bad Reichenhall","Zutatenverzeichnis: Speisesalz, 17,5 % Kräuter und Gewürze (Petersilie, SELLERIE, Zwiebel, Basilikum, Dill, Majoran, Lorbeer, Rosmarin, Oregano, Thymian), Trennmittel Calciumstearat, Folsäure, Kaliumjodat.","53,9",226,"0,7","0,1","7,1","6,1","2,9","81,5",https://www.edeka24.de/Lebensmittel/Wuerzmittel-Bruehen/Salz/Bad-Reichenhaller-Kraeuter-Salz-90G.html,https://www.edeka24.de/out/pictures/generated/product/1/540_540_90/bad_reichenhaller_kruter_salz.jpg
1656,Lebensmittel,Würzmittel & Brühen,Salz,Bad Reichenhaller Mozzarella Tomaten Salz 90G,"1,89 €","21,00 €/kg","inkl. MwSt., zzgl. 4.95 € Versandkosten.",lieferbar innerhalb von 2-5 Werktagen,2023-05-03 00:26:51.446298,MozzarellaTomatensalz mit Folsäure,Hinweis zur Aufbewahrung: trocken lagern (relative Luftfeuchtigkeit < 70 % ),"Verantwortliches Lebensmittelunternehmen:
SÜDSALZ GmbH, 83435 Bad Reichenhall","Zutatenverzeichnis: Speisesalz, Kräuter 21 % (Basilikum 12,6%, Oregano, Thymian), Knoblauch, Trennmittel Calciumstearat, Folsäure, Kaliumjodat.",303,"72,2","1,4","0,3","10,3","10,2","2,8","76,7",https://www.edeka24.de/Lebensmittel/Wuerzmittel-Bruehen/Salz/Bad-Reichenhaller-Mozzarella-Tomaten-Salz-90G.html,https://www.edeka24.de/out/pictures/generated/product/1/540_540_90/bad_reichenhaller_mozzarella_tomaten_salz.jpg
1657,Lebensmittel,Würzmittel & Brühen,Salz,Bad Reichenhaller Alpensalz grob 500G,"2,49 €","4,98 €/kg","inkl. MwSt., zzgl. 4.95 € Versandkosten.",lieferbar innerhalb von 2-5 Werktagen,2023-05-03 00:26:55.041704,Speisesalz grob,Hinweis zur Aufbewahrung: Trocken aufbewahren.,"Verantwortliches Lebensmittelunternehmen:
Südwestdeutsche Salzwerke AG, D-74076 Heilbronn",,,,,,,,,,https://www.edeka24.de/Lebensmittel/Wuerzmittel-Bruehen/Salz/Bad-Reichenhaller-Alpensalz-grob-500G.html,https://www.edeka24.de/out/pictures/generated/product/1/540_540_90/bad_reichenhaller_alpensalz_grob_500g.jpg
1658,Lebensmittel,Würzmittel & Brühen,Salz,Bad Reichenhaller Pommes Salz 90G,"1,89 €","21,00 €/kg","inkl. MwSt., zzgl. 4.95 € Versandkosten.",lieferbar innerhalb von 2-5 Werktagen,2023-05-03 00:26:58.562849,PommesSalz mit Jod und Folsäure,Hinweis zur Aufbewahrung: Nach Gebrauch verschließen.,"Verantwortliches Lebensmittelunternehmen:
Südwestdeutsche Salzwerke AG, D-74076 Heilbronn","Zutatenverzeichnis: Siedesalz, 19,2 % Kräuter und Gewürze (Paprika, Zwiebel, Pfeffer, Muskatblüte), Trennmittel Calciumsalze der Speisefettsäuren, Folsäure, Kaliumjodat. Kann Spuren von SELLERIE enthalten.","66,5","278,6","1,7","0,3","8,2",7,"2,7","79,2",https://www.edeka24.de/Lebensmittel/Wuerzmittel-Bruehen/Salz/Bad-Reichenhaller-Pommes-Salz-90G.html,https://www.edeka24.de/out/pictures/generated/product/1/540_540_90/bad_reichenhaller_pommessalz_mjodampampfolsamp228ure_90g.jpg
1659,Lebensmittel,Würzmittel & Brühen,Salz,Saldoro Ursalz Feine Körnung 600G,"0,79 €","1,32 €/kg","inkl. MwSt., zzgl. 4.95 € Versandkosten.",lieferbar innerhalb von 2-5 Werktagen,2023-05-03 00:27:02.295848,Speisesalz,,"Verantwortliches Lebensmittelunternehmen:
K+S Minerals and Agriculture GmbH, Bertha-von-Suttner-Straße 7, 34131 Kassel","Zutatenverzeichnis: Steinsalz, Trennmittel: Magnesiumcarbonat.",,,,,,,,,https://www.edeka24.de/Lebensmittel/Wuerzmittel-Bruehen/Salz/Saldoro-Ursalz-Feine-Koernung-600G.html,https://www.edeka24.de/out/pictures/generated/product/1/540_540_90/saldoroursalzfeinschachtel.jpg
1660,Lebensmittel,Würzmittel & Brühen,Salz,Alnatura Meersalz mit Jod 500G,"1,19 €","2,38 €/kg","inkl. MwSt., zzgl. 4.95 € Versandkosten.",lieferbar innerhalb von 2-5 Werktagen,2023-05-03 00:27:05.126094,"Jodiertes Meersalz, feinkörnig",Hinweis zur Aufbewahrung: Bitte trocken lagern und nach Gebrauch verschließen.,"Verantwortliches Lebensmittelunternehmen:
Alnatura Produktions- und Handels GmbH, Mahatma-Gandhi-Str. 7, 64295 Darmstadt","Zutatenverzeichnis: Meersalz unraffiniert, Kaliumjodat .",0,0,"0,5","0,1","0,5","0,5","0,5","99,5",https://www.edeka24.de/Lebensmittel/Wuerzmittel-Bruehen/Salz/Alnatura-Meersalz-mit-Jod-500G.html,https://www.edeka24.de/out/pictures/generated/product/1/540_540_90/alnaturameersalzjod.jpg
1662,Lebensmittel,Würzmittel & Brühen,Salz,NaturGut Reines Natursalz ohne Zusätze 1KG,"4,99 €","4,99 €/kg","inkl. MwSt., zzgl. 4.95 € Versandkosten.",lieferbar innerhalb von 2-5 Werktagen,2023-05-03 00:27:12.031680,Kristallsalz fein,,"Verantwortliches Lebensmittelunternehmen:
Naturgut GmbH, Tusculumweg 22, 79837 St. Blasien",Zutatenverzeichnis: Kristallsalz,,,,,,,,,https://www.edeka24.de/Lebensmittel/Wuerzmittel-Bruehen/Salz/NaturGut-Reines-Natursalz-ohne-Zusaetze-1KG.html,https://www.edeka24.de/out/pictures/generated/product/1/540_540_90/naturgut_reines_natursalz_ohne_zustze_1kg.jpg
1663,Lebensmittel,Würzmittel & Brühen,Salz,Block House Zauber Gewüzsalz 70G,"3,49 €","49,86 €/kg","inkl. MwSt., zzgl. 4.95 € Versandkosten.",lieferbar innerhalb von 2-5 Werktagen,2023-05-03 00:27:15.411545,Gewürzsalz,,"Verantwortliches Lebensmittelunternehmen:
Block House 22339 Hamburg","Zutatenverzeichnis: Speisesalz, Pfeffer, Würze, Paprika, Knoblauch, Dextrose, Koriander, Gewürze, Kräuter, Rapsöl, Invertzuckersirup, Zwiebelpulver, Gewürzextrakt (enthält SELLERIE)",545,130,"3,6","1,5",15,"6,9","5,2","60,7",https://www.edeka24.de/Lebensmittel/Wuerzmittel-Bruehen/Salz/Block-House-Zauber-Gewuezsalz-70G.html,https://www.edeka24.de/out/pictures/generated/product/1/540_540_90/block_house_zauber_gewuerzsalz_70g.jpg
1664,Lebensmittel,Würzmittel & Brühen,Salz,NaturGut Kristallsalz aus dem Vorgebirge des Himalaya 350G,"4,79 €","13,69 €/kg","inkl. MwSt., zzgl. 4.95 € Versandkosten.",lieferbar innerhalb von 2-5 Werktagen,2023-05-03 00:27:19.192561,Hochwertiges Speisesalz,,"Verantwortliches Lebensmittelunternehmen:
NaturGut GmbH, Tuskulumweg 22, D-79837 St. Blasien",Zutatenverzeichnis: Steinsalz,,,,,,,,,https://www.edeka24.de/Lebensmittel/Wuerzmittel-Bruehen/Salz/NaturGut-Kristallsalz-aus-dem-Vorgebirge-des-Himalaya-350G.html,https://www.edeka24.de/out/pictures/generated/product/1/540_540_90/naturgut_kristallsalz_aus_dem_vorgebirge_des_himalaya_350g.jpg
1665,Lebensmittel,Würzmittel & Brühen,Salz,Bio Alnatura Kräuter-Meersalz 200G,"2,29 €","11,45 €/kg","inkl. MwSt., zzgl. 4.95 € Versandkosten.",lieferbar innerhalb von 2-5 Werktagen,2023-05-03 00:27:22.191823,-,,"Verantwortliches Lebensmittelunternehmen:
Alnatura GmbH, D-64295 Darmstadt","Zutatenverzeichnis: Meersalz* unraffiniert, Lauch*, SELLERIEBLÄTTER*, Petersilie*, Liebstöckel*, Majoran*, Basilikum*, Fenchel*, Zwiebel*, Pastinake*, Karotte*, Schnittlauch*, SELLERIEKNOLLE*, Chili*. Kann Spuren von SENF enthalten. *aus biologischer Landwirtschaft.",193,46,"0,7","0,1","5,8","5,0","2,5",84,https://www.edeka24.de/Lebensmittel/Wuerzmittel-Bruehen/Salz/Bio-Alnatura-Kraeuter-Meersalz-200G.html,https://www.edeka24.de/out/pictures/generated/product/1/540_540_90/bio_alnatura_krutermeersalz_200g.jpg
1666,Lebensmittel,Würzmittel & Brühen,Salz,Aquasale Meersalz fein naturbelassen 500G,"1,59 €","3,18 €/kg","inkl. MwSt., zzgl. 4.95 € Versandkosten.",lieferbar innerhalb von 2-5 Werktagen,2023-05-03 00:27:25.574800,Speisesalz,Hinweis zur Aufbewahrung: Trocken aufbewahren.,"Verantwortliches Lebensmittelunternehmen:
Südwestdeutsche Salzwerke AG, D-74076 Heilbronn",Zutatenverzeichnis: Meersalz,,,,,,,,,https://www.edeka24.de/Lebensmittel/Wuerzmittel-Bruehen/Salz/Aquasale-Meersalz-fein-naturbelassen-500G.html,https://www.edeka24.de/out/pictures/generated/product/1/540_540_90/aquasalemeersalz.jpg
1667,Lebensmittel,Würzmittel & Brühen,Salz,Block House Würz Salz 500G,"5,29 €","10,58 €/kg","inkl. MwSt., zzgl. 4.95 € Versandkosten.",lieferbar innerhalb von 2-5 Werktagen,2023-05-03 00:27:29.007049,Würzmischung,,"Verantwortliches Lebensmittelunternehmen:
Block House 22339 Hamburg","Zutatenverzeichnis: Speisesalz, weißer Pfeffer (2,4%), Knoblauch, Zwiebeln",52,12,"0,1",0,"2,1","0,4","0,5","95,7",https://www.edeka24.de/Lebensmittel/Wuerzmittel-Bruehen/Salz/Block-House-Wuerz-Salz-500G.html,https://www.edeka24.de/out/pictures/generated/product/1/540_540_90/blockhousewrzsalz.jpg
1668,Lebensmittel,Würzmittel & Brühen,Salz,Aquasale Grobes Meersalz naturbelassen Mühle 100G,"2,69 €","26,90 €/kg","inkl. MwSt., zzgl. 4.95 € Versandkosten.",lieferbar innerhalb von 2-5 Werktagen,2023-05-03 00:27:32.723117,Speisesalz,Hinweis zur Aufbewahrung: Trocken lagern.,"Verantwortliches Lebensmittelunternehmen:
Südwestdeutsche Salzwerke AG, D-74076 Heilbronn",Zutatenverzeichnis: Meersalz,,,,,,,,,https://www.edeka24.de/Lebensmittel/Wuerzmittel-Bruehen/Salz/Aquasale-Grobes-Meersalz-naturbelassen-Muehle-100G.html,https://www.edeka24.de/out/pictures/generated/product/1/540_540_90/aquasalzmhle.jpg
1669,Lebensmittel,Würzmittel & Brühen,Salz,Bad Reichenhaller Alpensaline Mittelgrobes Alpensalz 1KG,"2,49 €","2,49 €/kg","inkl. MwSt., zzgl. 4.95 € Versandkosten.",lieferbar innerhalb von 2-5 Werktagen,2023-05-03 00:27:36.024281,Speisesalz,Hinweis zur Aufbewahrung: Bitte trocken lagern.,"Verantwortliches Lebensmittelunternehmen:
Südwestdeutsche Salzwerke AG, D-74076 Heilbronn",Zutatenverzeichnis: Siedesalz,,,,,,,,,https://www.edeka24.de/Lebensmittel/Wuerzmittel-Bruehen/Salz/Bad-Reichenhaller-Alpensaline-Mittelgrobes-Alpensalz-1KG.html,https://www.edeka24.de/out/pictures/generated/product/1/540_540_90/badreichenhallalpensaline.jpg
1670,Lebensmittel,Würzmittel & Brühen,Suppeneinlagen,Leimer Eierstich 100G,"0,99 €","9,90 €/kg","inkl. MwSt., zzgl. 4.95 € Versandkosten.",lieferbar innerhalb von 2-5 Werktagen,2023-05-03 00:27:38.986908,Eierstich,,"Verantwortliches Lebensmittelunternehmen:
LEIMER KG, D-83278 Traunstein","Zutatenverzeichnis: VOLLEI 51%, MAGERMILCH, Jodsalz, Gewürze",350,84,"4,3","1,3","3,5","0,2","7,7","1,1",https://www.edeka24.de/Lebensmittel/Wuerzmittel-Bruehen/Suppeneinlagen/Leimer-Eierstich-100G.html,https://www.edeka24.de/out/pictures/generated/product/1/540_540_90/leieierstich_100g.jpg
1671,Lebensmittel,Würzmittel & Brühen,Suppeneinlagen,Leimer Backerbsen 200G,"2,19 €","10,95 €/kg","inkl. MwSt., zzgl. 4.95 € Versandkosten.",lieferbar innerhalb von 2-5 Werktagen,2023-05-03 00:27:42.531586,Backerbsen,Hinweis zur Aufbewahrung: Trocken lagern. Vor Licht schützen.,"Verantwortliches Lebensmittelunternehmen:
LEIMER KG, D-83278 Traunstein","Zutatenverzeichnis: WEIZENMEHL, Palmöl, SÜSSMOLKENPULVER, Maismehl, Salz. Backtriebmittel (E450, E500), Stärke, VOLLEIPULVER",514,2145,30,"15,9",51,4,"8,7","3,2",https://www.edeka24.de/Lebensmittel/Wuerzmittel-Bruehen/Suppeneinlagen/Leimer-Backerbsen-200G.html,https://www.edeka24.de/out/pictures/generated/product/1/540_540_90/leimer_backerbsen_200_g.jpg
1672,Lebensmittel,Würzmittel & Brühen,Suppeneinlagen,Leimer Markklößchen 100G,"1,59 €","15,90 €/kg","inkl. MwSt., zzgl. 4.95 € Versandkosten.",lieferbar innerhalb von 2-5 Werktagen,2023-05-03 00:27:46.066409,Mark-Klößchen,Hinweis zur Aufbewahrung: In kochender Suppe 5 Minuten erhitzen.,"Verantwortliches Lebensmittelunternehmen:
LEIMER KG, D-83278 Traunstein","Zutatenverzeichnis: Paniermehl (WEIZENMEHL, Hefe, Salz), Wasser, VOLLEI, Rindermarkfett 15%, jodiertes Speisesalz, Kartoffelstärke, Rinderfond Gewürze, Petersilie",1147,275,"15,5","7,9","24,9","0,1","7,1","0,7",https://www.edeka24.de/Lebensmittel/Wuerzmittel-Bruehen/Suppeneinlagen/Leimer-Markkloesschen-100G.html,https://www.edeka24.de/out/pictures/generated/product/1/540_540_90/leimer_markkloeschen_4000186035502.jpg
1673,Lebensmittel,Würzmittel & Brühen,Suppeneinlagen,Leimer Grießnockerl 100G,"2,49 €","24,90 €/kg","inkl. MwSt., zzgl. 4.95 € Versandkosten.",lieferbar innerhalb von 2-5 Werktagen,2023-05-03 00:27:49.938593,Grießnockerl,"Hinweis zur Aufbewahrung: Trocken, nicht über Zimmertemperatur lagern.","Verantwortliches Lebensmittelunternehmen:
LEIMER KG, D-83278 Traunstein","Zutatenverzeichnis: WEIZENGRIESS 56%, pflanzliches Fett (Palm), MILCHZUCKER, EIWEISSPULVER, EIGELBPULVER, Salz, Gewürz",454,1905,"19,6","11,7","54,2","7,9","13,8","3,5",https://www.edeka24.de/Lebensmittel/Wuerzmittel-Bruehen/Suppeneinlagen/Leimer-Griessnockerl-100G.html,https://www.edeka24.de/out/pictures/generated/product/1/540_540_90/leigriessnockerl_100g.jpg
1674,Lebensmittel,Würzmittel & Brühen,Suppeneinlagen,Leimer Eier-Schöberl Suppeneinlage 50G,"1,49 €","29,80 €/kg","inkl. MwSt., zzgl. 4.95 € Versandkosten.",lieferbar innerhalb von 2-5 Werktagen,2023-05-03 00:27:53.238383,Eierschöberl,Hinweis zur Aufbewahrung: Trocken lagern. Vor Licht schützen.,"Verantwortliches Lebensmittelunternehmen:
LEIMER KG, D-83278 Traunstein","Zutatenverzeichnis: VOLLEI 50%, WEIZENMEHL, pflanzliches Fett (Palm, Sonnenblume), Salz, Backtriebmittel E503, Vanillin",504,2105,"27,2","10,9","46,8","0,1","16,4","1,8",https://www.edeka24.de/Lebensmittel/Wuerzmittel-Bruehen/Suppeneinlagen/Leimer-Eier-Schoeberl-Suppeneinlage-50G.html,https://www.edeka24.de/out/pictures/generated/product/1/540_540_90/leimer_eierschberl_suppeneinlage_50_g.jpg
1675,Lebensmittel,Würzmittel & Brühen,Suppeneinlagen,Alnatura Bio Dinkel Backerbsen 125G,"2,19 €","17,52 €/kg","inkl. MwSt., zzgl. 4.95 € Versandkosten.",lieferbar innerhalb von 2-5 Werktagen,2023-05-03 00:27:56.600850,Bio Suppeneinlage aus Dinkel- und Maismehl in Sonnenblumenöl ausgebacken,Hinweis zur Aufbewahrung: Bitte trocken lagern und vor Licht und Wärme schützen.,"Verantwortliches Lebensmittelunternehmen:
Alnatura Produktions- und Handels GmbH, Mahatma-Gandhi-Str. 7, 64295 Darmstadt","Zutatenverzeichnis: DINKELMEHL* 56%, Sonnenblumenöl* 22%, Maismehl* 15%, Steinsalz, MAGERMILCHPULVER*, Muskat*, Backpulver* (Traubensaftkonzentratextrakt*,Maisstärke*, Backtriebmittel: Natriumhydrogencarbonat). *aus biologischerLandwirtschaft.",2126,509,"28,3","2,6","52,8","0,8","9,3","2,5",https://www.edeka24.de/Lebensmittel/Wuerzmittel-Bruehen/Suppeneinlagen/Alnatura-Bio-Dinkel-Backerbsen-125G.html,https://www.edeka24.de/out/pictures/generated/product/1/540_540_90/alnaturadinkelbackerbsen.jpg
1676,Lebensmittel,Würzmittel & Brühen,Suppeneinlagen,Top Taste Röstzwiebeln Bacon 100G,"1,79 €","17,90 €/kg","inkl. MwSt., zzgl. 4.95 € Versandkosten.",lieferbar innerhalb von 2-5 Werktagen,2023-05-03 00:28:00.141477,-,,"Verantwortliches Lebensmittelunternehmen:
Top Taste B.V., NL-4421 SN Kapelle","Zutatenverzeichnis: Zwiebeln (70%), Pflanzliches Öl (Palm, Sonnenblumen), WEIZENMEHL, Brotkrümel (WEIZEN), Salz, Getrockneter Glukosesirup, Zucker, Bacon Aroma, Pfefferextrakt, Rauchkondensat.",2388,574,41,19,43,"9,1","6,0","1,8",https://www.edeka24.de/Lebensmittel/Wuerzmittel-Bruehen/Suppeneinlagen/Top-Taste-Roestzwiebeln-Bacon-100G.html,https://www.edeka24.de/out/pictures/generated/product/1/540_540_90/top_taste_ramp246stzwiebeln_bacon_100g.jpg
1677,Lebensmittel,Würzmittel & Brühen,Suppeneinlagen,Top Taste Röstzwiebeln 100G,"1,79 €","17,90 €/kg","inkl. MwSt., zzgl. 4.95 € Versandkosten.",lieferbar innerhalb von 2-5 Werktagen,2023-05-03 00:28:06.049300,-,,"Verantwortliches Lebensmittelunternehmen:
TOP Taste B.V., Kloosterpoort 33, 4421 SN Kapelle (Niederlande)","Zutatenverzeichnis: Zwiebeln, Palmöl, WEIZENMEHL, Salz.",590,2450,44,21,40,9,6,"1,2",https://www.edeka24.de/Lebensmittel/Wuerzmittel-Bruehen/Suppeneinlagen/Top-Taste-Roestzwiebeln-100G.html,https://www.edeka24.de/out/pictures/generated/product/1/540_540_90/top_taste_rstzwiebeln_100_g.jpg
1678,Lebensmittel,Würzmittel & Brühen,Suppeneinlagen,Leimer Croutons mit Zwiebel/Knoblauch 100G,"1,69 €","16,90 €/kg","inkl. MwSt., zzgl. 4.95 € Versandkosten.",lieferbar innerhalb von 2-5 Werktagen,2023-05-03 00:28:09.059211,Croutons Zwiebel/Knoblauch,Hinweis zur Aufbewahrung: Trocken lagern.,"Verantwortliches Lebensmittelunternehmen:
LEIMER KG, Kotzinger Str. 16, 83278 Traunstein","Zutatenverzeichnis: WEIZENMEHL, Pflanzliches Fett (Palm), Salz, Zwiebeln, Hefeextrakt, Knoblauch, Petersilie, Aroma, Zucker, Hefe. Kann Spuren von MILCHERZEUGNISSEN und SELLERIE enthalten.",1910,455,19,"9,4",60,"5,1",10,"3,8",https://www.edeka24.de/Lebensmittel/Wuerzmittel-Bruehen/Suppeneinlagen/Leimer-Croutons-mit-Zwiebel-Knoblauch-100G.html,https://www.edeka24.de/out/pictures/generated/product/1/540_540_90/leimer_croutons_mit_zwiebelknoblauch.jpg
1679,Lebensmittel,Würzmittel & Brühen,Suppeneinlagen,Top Taste Röstzwiebeln 280G,"3,79 €","13,54 €/kg","inkl. MwSt., zzgl. 4.95 € Versandkosten.",lieferbar innerhalb von 2-5 Werktagen,2023-05-03 00:28:12.548356,-,,"Verantwortliches Lebensmittelunternehmen:
TOP Taste B.V., Kloosterpoort 33, 4421 SN Kapelle (Niederlande)","Zutatenverzeichnis: Zwiebeln, Palmöl, WEIZENMEHL, Salz.",2450,590,44,21,40,9,6,"1,2",https://www.edeka24.de/Lebensmittel/Wuerzmittel-Bruehen/Suppeneinlagen/Top-Taste-Roestzwiebeln-280G.html,https://www.edeka24.de/out/pictures/generated/product/1/540_540_90/top_taste_rstzwiebeln_280_g.jpg
1680,Lebensmittel,Würzmittel & Brühen,Würzmischungen,Maggi Würzmischung 2 - Gemüse und helle Saucen 78G,"2,19 €","28,08 €/kg","inkl. MwSt., zzgl. 4.95 € Versandkosten.",lieferbar innerhalb von 2-5 Werktagen,2023-05-03 00:28:16.354773,Würzmischung,Hinweis zur Aufbewahrung: Trocken lagern und vor Wärme schützen.,"Verantwortliches Lebensmittelunternehmen:
Maggi GmbH, 78221 Singen (Hohentwiel)","Zutatenverzeichnis: Jodsalz (Salz, Kaliumjodat), Geschmacksverstärker Mononatriumglutamat, Maltodextrin, Gewürze (6,1 % Muskatnuss, Zwiebelpulver, Koriander, Knoblauchpulver, Lorbeerblätter, Pfeffer, Kurkuma), Palmfett, Aromen. Kann SELLERIE, EIER, GLUTENHALTIGES GETREIDE, MILCH, SENF und SOJA enthalten.",773,183,"4,5","1,5",21,"3,5","14,2","57,7",https://www.edeka24.de/Lebensmittel/Wuerzmittel-Bruehen/Wuerzmischungen/Maggi-Wuerzmischung-2-Gemuese-und-helle-Saucen-78G.html,https://www.edeka24.de/out/pictures/generated/product/1/540_540_90/maggiwrzmischung2.jpg
1681,Lebensmittel,Würzmittel & Brühen,Würzmischungen,Maggi Würzmischung 6 - Pasta und Pizza 60G,"2,19 €","36,50 €/kg","inkl. MwSt., zzgl. 4.95 € Versandkosten.",lieferbar innerhalb von 2-5 Werktagen,2023-05-03 00:28:20.645853,Würzmischung,Hinweis zur Aufbewahrung: Trocken lagern und vor Wärme schützen.,"Verantwortliches Lebensmittelunternehmen:
Maggi GmbH, 78221 Singen (Hohentwiel)","Zutatenverzeichnis: Jodsalz (Salz, Kaliumjodat), Geschmacksverstärker Mononatriumglutamat, 13 % Kräuter (5 % Oregano, Basilikum, 2 % Majoran, Petersilie, Thymian, Lorbeerblätter, Rosmarin, Salbei), Maltodextrin, Knoblauchpulver, Zucker, Paprikapulver, Zwiebeln, rote Gemüsepaprika, Aromen (mit WEIZEN), Pfeffer, Sonnenblumenöl. Kann SELLERIE, EIER, MILCH, SENF und SOJA enthalten.",1042,247,"3,6","0,5","34,3","13,7","16,1","33,6",https://www.edeka24.de/Lebensmittel/Wuerzmittel-Bruehen/Wuerzmischungen/Maggi-Wuerzmischung-6-Pasta-und-Pizza-60G.html,https://www.edeka24.de/out/pictures/generated/product/1/540_540_90/maggi_wrzmischung_6_pasta_und_pizza.jpg
1682,Lebensmittel,Würzmittel & Brühen,Würzmischungen,Maggi Würzmischung 5 - Hackfleisch 75G,"2,19 €","29,20 €/kg","inkl. MwSt., zzgl. 4.95 € Versandkosten.",lieferbar innerhalb von 2-5 Werktagen,2023-05-03 00:28:24.178442,Würzmischung,Hinweis zur Aufbewahrung: Trocken lagern und vor Wärme schützen.,"Verantwortliches Lebensmittelunternehmen:
Maggi GmbH, 78221 Singen (Hohentwiel)","Zutatenverzeichnis: WEIZENMEHL, Jodsalz (Salz, Kaliumjodat), Gewürze (8,7 % Zwiebelpulver, Pfeffer, Knoblauchpulver, Majoran, Muskatnuss, Kümmel), Geschmacksverstärker Mononatriumglutamat, Maltodextrin, 4,4 % Zwiebeln,Palmfett. Kann SELLERIE, EIER, MILCH, SENF und SOJA enthalten.",1093,259,"5,2","2,8","40,9","5,8","10,5","32,5",https://www.edeka24.de/Lebensmittel/Wuerzmittel-Bruehen/Wuerzmischungen/Maggi-Wuerzmischung-5-Hackfleisch-75G.html,https://www.edeka24.de/out/pictures/generated/product/1/540_540_90/maggi_wrzmischung_5_hackfleisch(1).jpg
1683,Lebensmittel,Würzmittel & Brühen,Würzmischungen,Maggi Würzmischung 3 - pikantes Geflügel 65G,"2,19 €","33,69 €/kg","inkl. MwSt., zzgl. 4.95 € Versandkosten.",lieferbar innerhalb von 2-5 Werktagen,2023-05-03 00:28:27.125976,Würzmischung,Hinweis zur Aufbewahrung: Trocken lagern und vor Wärme schützen.,"Verantwortliches Lebensmittelunternehmen:
Maggi GmbH, 78221 Singen (Hohentwiel)","Zutatenverzeichnis: Jodsalz (Salz, Kaliumjodat), Gewürze (29,2% Paprikapulver, Zwiebelpulver, Majoran, Kümmel, Piment, Knoblauchpulver, Rosmarin, Chili), Geschmacksverstärker Mononatriumglutamat, WEIZENMEHL, Palmfett, Aromen (mit SELLERIEÖL), Hefeextrakt. Kann EIER, MILCH, SENF und SOJA enthalten.",1022,244,"7,8","2,9","20,2","5,2","19,6","38,6",https://www.edeka24.de/Lebensmittel/Wuerzmittel-Bruehen/Wuerzmischungen/Maggi-Wuerzmischung-3-pikantes-Gefluegel-65G.html,https://www.edeka24.de/out/pictures/generated/product/1/540_540_90/maggi_wrzmischung_3_pikantes_geflgel_65_g.jpg
1684,Lebensmittel,Würzmittel & Brühen,Würzmischungen,Knorr Kräuterlinge zum Streuen Italienische Kräuter 60G,"2,09 €","34,83 €/kg","inkl. MwSt., zzgl. 4.95 € Versandkosten.",lieferbar innerhalb von 2-5 Werktagen,2023-05-03 00:28:30.988663,Würzkomposition mit Kräutern und Gewürzen,Hinweis zur Aufbewahrung: Verschlossen und trocken aufbewahren.,"Verantwortliches Lebensmittelunternehmen:
Unilever Deutschland Holding GmbH, Am Strandkai 1 , D-20457 Hamburg","Zutatenverzeichnis: Speisesalz, Zucker, Geschmacksverstärker (Mononatriumglutamat, Dinatriuminosinat, Dinatriumguanylat), 14% Kräuter (6,2% Oregano¹, Petersilie¹, 2,6% Basilikum¹, Lorbeerblätter, 1% Rosmarin), Palmfett, Maiskeimöl, Röstzwiebeln¹, Hefeextrakt, SELLERIEPULVER¹, Muskatnuss, Kräuterextrakte (Basilikum, Oregano), Gewürzextrakte (Knoblauch, Pfeffer), Zwiebelextrakt. ¹ aus nachhaltigem Anbau.Kann Spuren von GLUTEN, MILCH, EI, SOJA und SENF enthalten.",979,230,"7,5","2,8",23,19,12,"44,6",https://www.edeka24.de/Lebensmittel/Wuerzmittel-Bruehen/Wuerzmischungen/Knorr-Kraeuterlinge-zum-Streuen-Italienische-Kraeuter-60G.html,https://www.edeka24.de/out/pictures/generated/product/1/540_540_90/knorr_kruterlinge_zum_streuen_italienische_kruter_60_g.jpg
1685,Lebensmittel,Würzmittel & Brühen,Würzmischungen,Maggi Würzmischung 1 - gebratenes Fleisch 78G,"2,19 €","28,08 €/kg","inkl. MwSt., zzgl. 4.95 € Versandkosten.",lieferbar innerhalb von 2-5 Werktagen,2023-05-03 00:28:34.850624,Würzmischung für gebratenes Fleisch mit Pfeffer.,,"Verantwortliches Lebensmittelunternehmen:
Maggi GmbH, Lyoner Str. 23, D-60528 Frankfurt","Zutatenverzeichnis: Jodsalz (Salz, Kaliumjodat), Geschmacksverstärker Mononatriumglutamat, Gewürze (13% Pfeffer, Zwiebelpulver, Paprikapulver, Majoran, Kümmel, Lorbeerblätter, Knoblauchpulver, Rosmarin), WEIZENMEHL, Aromen (mit SELLERIEÖL), Palmfett. Kann EIER, MILCH, SENF und SOJA enthalten.",853,202,"3,9",2,"20,8","2,1","18,9","47,4",https://www.edeka24.de/Lebensmittel/Wuerzmittel-Bruehen/Wuerzmischungen/Maggi-Wuerzmischung-1-gebratenes-Fleisch-78G.html,https://www.edeka24.de/out/pictures/generated/product/1/540_540_90/maggi_wrzmischung_1_gebratenes_fleisch_78g.jpg
1686,Lebensmittel,Würzmittel & Brühen,Würzmischungen,Maggi Würzmischung 4 - Knackige Salate 60G,"2,19 €","36,50 €/kg","inkl. MwSt., zzgl. 4.95 € Versandkosten.",lieferbar innerhalb von 2-5 Werktagen,2023-05-03 00:28:38.557973,Würzmischung,Hinweis zur Aufbewahrung: Trocken lagern und vor Wärme schützen.,"Verantwortliches Lebensmittelunternehmen:
Maggi GmbH, 78221 Singen (Hohentwiel)","Zutatenverzeichnis: Jodsalz (Salz, Kaliumjodat), Maltodextrin, Geschmacksverstärker (Mononatriumglutamat, Dinatriumguanylat, Dinatriuminosinat), Zwiebeln, Zucker, 9,6 % Kräuter (5,2 % Petersilie, Schnittlauch, Dill, Liebstöckel, Kerbel), Knoblauchpulver, Aromen (mit SELLERIE, SENF), Sonnenblumenöl, Pfeffer, Säuerungsmittel Citronensäure, Kurkuma, Hefeextrakt, Verdickungsmittel Xanthan, Zitronensaftkonzentrat. Kann EIER, GLUTENHALTIGES GETREIDE, MILCH, und SOJA enthalten.",1135,269,"3,5","0,3",40,"17,7","14,5",28,https://www.edeka24.de/Lebensmittel/Wuerzmittel-Bruehen/Wuerzmischungen/Maggi-Wuerzmischung-4-Knackige-Salate-60G.html,https://www.edeka24.de/out/pictures/generated/product/1/540_540_90/maggi_wrzmischung_4_knackige_salate_60_g.jpg
1687,Lebensmittel,Würzmittel & Brühen,Würzmischungen,Knorr Kräuterlinge zum Streuen Gartenkräuter 60G,"2,09 €","34,83 €/kg","inkl. MwSt., zzgl. 4.95 € Versandkosten.",lieferbar innerhalb von 2-5 Werktagen,2023-05-03 00:28:41.916566,Würzkomposition aus Kräutern und Gewürzen,Hinweis zur Aufbewahrung: Verschlossen und trocken aufbewahren.,"Verantwortliches Lebensmittelunternehmen:
Unilever Deutschland Holding GmbH, Am Strandkai 1 , D-20457 Hamburg","Zutatenverzeichnis: Speisesalz, 19% Kräuter (7,1% Schnittlauch¹, Kerbel¹, 3,7% Dill¹, 1,7% Petersilie¹, Liebstöckel¹), Geschmacksverstärker (Mononatriumglutamat, Dinatriuminosinat, Dinatriumguanylat), Zucker, Maiskeimöl, Hefeextrakt, SELLERIEPULVER¹, Zwiebeln¹, Basilikumextrakt, Muskatnuss. Kann GLUTENHALTIGE GETREIDE, MILCH, EI, SOJA und SENF enthalten. ¹aus nachhaltigem Anbau.",931,222,"7,6","1,1",21,19,14,"44,7",https://www.edeka24.de/Lebensmittel/Wuerzmittel-Bruehen/Wuerzmischungen/Knorr-Kraeuterlinge-zum-Streuen-Gartenkraeuter-60G.html,https://www.edeka24.de/out/pictures/generated/product/1/540_540_90/knorr_kruterlinge_zum_streuen_gartenkruter_60_g.jpg
1688,Lebensmittel,Würzmittel & Brühen,Würzmischungen,Ostmann Pizza Gewürz 15G,"2,29 €","152,67 €/kg","inkl. MwSt., zzgl. 4.95 € Versandkosten.",lieferbar innerhalb von 2-5 Werktagen,2023-05-03 00:28:45.244225,Pizzagewürz,,"Verantwortliches Lebensmittelunternehmen:
Ostmann Gewürze GmbH, 49198 Dissen","Zutatenverzeichnis: Oregano, Basilikum, Rosmarin, Bohnenkraut, Thymian.",,,,,,,,,https://www.edeka24.de/Lebensmittel/Wuerzmittel-Bruehen/Wuerzmischungen/Ostmann-Pizza-Gewuerz-15G.html,https://www.edeka24.de/out/pictures/generated/product/1/540_540_90/ostmann_pizza_gewrz_15g.jpg
1689,Lebensmittel,Würzmittel & Brühen,Würzmischungen,Knorr Kräuterlinge zum Streuen Frühlingskräuter 60G,"2,09 €","34,83 €/kg","inkl. MwSt., zzgl. 4.95 € Versandkosten.",lieferbar innerhalb von 2-5 Werktagen,2023-05-03 00:28:48.490415,Würzkomposition mit Kräutern und Gewürzen,Hinweis zur Aufbewahrung: Verschlossen und trocken aufbewahren.,"Verantwortliches Lebensmittelunternehmen:
Unilever Deutschland Holding GmbH, Am Strandkai 1 , D-20457 Hamburg","Zutatenverzeichnis: jodiertes Speisesalz, 18% Kräuter (5,2% Petersilie¹, 4% SELLERIEBLÄTTER, 4% Schnittlauch¹, 3,6% Kerbel¹, Liebstöckelblätter¹), Geschmacksverstärker (Mononatriumglutamat, Dinatriuminosinat, Dinatriumguanylat), Zucker, Maiskeimöl, 3,9% Knoblauch¹, Hefeextrakt, KNOLLENSELLERIE¹, Zwiebeln¹, Speisesalz, Basilikumextrakt, Muskatnuss. ¹aus nachhaltigem Anbau. Kann Spuren von GLUTEN, MILCH, EI, SOJA und SENF enthalten.",1008,241,"8,4","1,2",24,19,14,"40,8",https://www.edeka24.de/Lebensmittel/Wuerzmittel-Bruehen/Wuerzmischungen/Knorr-Kraeuterlinge-zum-Streuen-Fruehlingskraeuter-60G.html,https://www.edeka24.de/out/pictures/generated/product/1/540_540_90/knorrkruterlingefrhl.jpg
1690,Lebensmittel,Würzmittel & Brühen,Würzmischungen,Maggi Food Travel Teriyaki Style 65G,"1,19 €","18,31 €/kg","inkl. MwSt., zzgl. 4.95 € Versandkosten.",lieferbar innerhalb von 2-5 Werktagen,2023-05-03 00:28:52.526300,Würzpaste für Rindfleisch mit Sojasauce und Honig,Hinweis zur Aufbewahrung: Trocken lagern und vor Wärme und Licht schützen. Reste im Kühlschrank aufbewahren und spätestens nach 2-3 Tagen verbrauchen.,"Verantwortliches Lebensmittelunternehmen:
Maggi GmbH, Julius-Bührer-Straße 8, 78224 Singen","Zutatenverzeichnis: 34,6 % Sojasauce (Wasser, SOJABOHNEN, Salz, Branntweinessig), Wasser, 12,9 % Honig, Zucker, Sonnenblumenöl, Branntweinessig, Karamellzuckersirup (Zucker, Wasser), Knoblauchpüree, Maisstärke, Gewürze (Ingwer, Knoblauch, Pfeffer, Chili, Jalapeño-Chilis), natürliches Aroma.",413,99,"3,4","0,8","5,8",5,"9,9","0,64",https://www.edeka24.de/Lebensmittel/Wuerzmittel-Bruehen/Wuerzmischungen/Maggi-Food-Travel-Teriyaki-Style-65G.html,https://www.edeka24.de/out/pictures/generated/product/1/540_540_90/maggi_food_travel_wamp252rzpaste_teriyaki_style_65g.jpg
1691,Lebensmittel,Würzmittel & Brühen,Würzmischungen,"Ostmann Italienische Kräuter gerebelt 12,5G","2,19 €","175,20 €/kg","inkl. MwSt., zzgl. 4.95 € Versandkosten.",lieferbar innerhalb von 2-5 Werktagen,2023-05-03 00:28:56.020888,Italienische Kräuter,,"Verantwortliches Lebensmittelunternehmen:
Ostmann Gewürze GmbH, 49198 Dissen","Zutatenverzeichnis: Oregano, Basilikum, Majoran, Rosmarin, Petersilie, Thymian, Bohnenkraut, Salbei..",,,,,,,,,https://www.edeka24.de/Lebensmittel/Wuerzmittel-Bruehen/Wuerzmischungen/Ostmann-Italienische-Kraeuter-gerebelt-12-5G.html,https://www.edeka24.de/out/pictures/generated/product/1/540_540_90/ostmann_italienische_kruter_125g.jpg
1692,Lebensmittel,Würzmittel & Brühen,Würzmischungen,Block House Steak Pfeffer 200G,"6,99 €","34,95 €/kg","inkl. MwSt., zzgl. 4.95 € Versandkosten.",lieferbar innerhalb von 2-5 Werktagen,2023-05-03 00:28:58.973850,Steak Pfeffer,,"Verantwortliches Lebensmittelunternehmen:
Block House 22339 Hamburg","Zutatenverzeichnis: Schwarzer Pfeffer (39%), Speisesalz, Invertzuckersirup, Paprika grün und rot, Zwiebeln, Knoblauch, Rapsöl, Piment, Thymian, Basilikum",820,195,"2,4","0,5",28,10,"5,4","37,5",https://www.edeka24.de/Lebensmittel/Wuerzmittel-Bruehen/Wuerzmischungen/Block-House-Steak-Pfeffer-200G.html,https://www.edeka24.de/out/pictures/generated/product/1/540_540_90/block_house_steak_pfeffer_200g.jpg
1693,Lebensmittel,Würzmittel & Brühen,Würzmischungen,Maggi Food Travel Tikka Masala Style 65G,"1,19 €","18,31 €/kg","inkl. MwSt., zzgl. 4.95 € Versandkosten.",lieferbar innerhalb von 2-5 Werktagen,2023-05-03 00:29:03.001787,Würzpaste für Hähnchen mit Curry-Tomaten Sauce,Hinweis zur Aufbewahrung: Trocken lagern und vor Wärme und Licht schützen. Reste im Kühlschrank aufbewahren und spätestens nach 2-3 Tagen verbrauchen.,"Verantwortliches Lebensmittelunternehmen:
Maggi GmbH, Julius-Bührer-Strasse 8, 78224 Singen","Zutatenverzeichnis: 41% Tomatenmark*, Zucker*, karamellisierte Zwiebeln (Zwiebeln*, Sonnenblumenöl*, Zucker*, Salz, Zitronensaftkonzentrat*), Sonnenblumenöl*, Meersalz*, Branntweinessig*, Gewürze (Zwiebelpulver*, Paprika*, 2,4% Kreuzkümmel*, Ingwer*, Kurkuma*, Knoblauch*, Koriander*, Zimt*, Chili*), 2,5% Curry* (Kurkuma, Koriander, Kümmel, Fenchel, Bockshornklee, Salz, Cayennepfeffer, Ingwer, Zimt, Anis, Kardamom, Knoblauch), Bockshornklee*, natürliches Kardamomaroma*, Zitronensaftkonzentrat*. Kann SELLERIE, MILCH und SENF enthalten. *Natürliche Zutaten.",488,117,"5,7","2,5","5,3","4,2",10,"0,81",https://www.edeka24.de/Lebensmittel/Wuerzmittel-Bruehen/Wuerzmischungen/Maggi-Food-Travel-Tikka-Masala-Style-65G.html,https://www.edeka24.de/out/pictures/generated/product/1/540_540_90/maggi_food_travel_tikka_masala_style65g.jpg
1694,Lebensmittel,Würzmittel & Brühen,Würzmischungen,Maggi Food Travel Curry Thai Style 65G,"1,19 €","18,31 €/kg","inkl. MwSt., zzgl. 4.95 € Versandkosten.",lieferbar innerhalb von 2-5 Werktagen,2023-05-03 00:29:06.344066,Würzpaste für Hähnchen mit Kokos Sauce,Hinweis zur Aufbewahrung: Trocken lagern und vor Wärme und Licht schützen. Reste im Kühlschrank aufbewahren und spätestens nach 2-3 Tagen verbrauchen.,"Verantwortliches Lebensmittelunternehmen:
Maggi GmbH, 78221 Singen (Hohentwiel)","Zutatenverzeichnis: Kokosnussmilch (hergestellt aus Kokosnussfleisch, Wasser), Wasser, Honig, Gewürze (Zwiebeln, Ingwer, Kurkuma, Jalapeño-Chilis), Zucker, Sonnenblumenöl,Branntweinessig, Meersalz, Knoblauchpüree, Maisstärke, Petersilie, Korianderextrakt, Karamellzuckersirup (Zucker, Wasser), natürliches Aroma. Kann enthalten: SELLERIE.",532,128,"6,3","3,9",6,"4,6","10,7","0,71",https://www.edeka24.de/Lebensmittel/Wuerzmittel-Bruehen/Wuerzmischungen/Maggi-Food-Travel-Curry-Thai-Style-65G.html,https://www.edeka24.de/out/pictures/generated/product/1/540_540_90/maggi_food_travel_curry_thai_style_65g.jpg
1695,Lebensmittel,Würzmittel & Brühen,Würzmischungen,Maggi Food Travel Sauce Erdnuss Style 65G,"1,19 €","18,31 €/kg","inkl. MwSt., zzgl. 4.95 € Versandkosten.",lieferbar innerhalb von 2-5 Werktagen,2023-05-03 00:29:09.975683,Würzpaste für Hähnchen in Sauce mit Erdnussgeschmack,Hinweis zur Aufbewahrung: Trocken lagern und vor Wärme und Licht schützen. Reste im Kühlschrank aufbewahren und spätestens nach 2-3 Tagen verbrauchen.,"Verantwortliches Lebensmittelunternehmen:
Maggi GmbH, Julius-Bührer-Strasse 8, 78224 Singen","Zutatenverzeichnis: Wasser*, Zucker*, karamellisierte Zwiebeln (Zwiebeln*, Sonnenblumenöl*, Zucker*, Salz, Zitronensaftkonzentrat*), Sonnenblumenöl*, Gewürze* (Zwiebelpulver, Ingwer, Kurkuma), Meersalz*, Branntweinessig*, Knoblauchpüree*, Maisstärke*, Jalapeño-Chilis*, Petersilie*, Aroma, Korianderextrakt*. Kann SELLERIE enthalten. *Natürliche Zutaten.",668,160,"7,2","4,5","6,8","5,8","15,9","0,84",https://www.edeka24.de/Lebensmittel/Wuerzmittel-Bruehen/Wuerzmischungen/Maggi-Food-Travel-Sauce-Erdnuss-Style-65G.html,https://www.edeka24.de/out/pictures/generated/product/1/540_540_90/maggi_food_travel_sauce_erdnuss_style_65g.jpg
1696,Lebensmittel,Würzmittel & Brühen,Würzmischungen,Maggi Food Travel Curry Indian Style 65G,"1,19 €","18,31 €/kg","inkl. MwSt., zzgl. 4.95 € Versandkosten.",lieferbar innerhalb von 2-5 Werktagen,2023-05-03 00:29:13.281858,Würzpaste für Hähnchen mit Curry Sauce,Hinweis zur Aufbewahrung: Trocken lagern und vor Wärme und Licht schützen. Reste im Kühlschrank aufbewahren und spätestens nach 2-3 Tagen verbrauchen.,"Verantwortliches Lebensmittelunternehmen:
Maggi GmbH, 78221 Singen (Hohentwiel)","Zutatenverzeichnis: Wasser, Tomatenmark, Honig, Sonnenblumenöl, Zucker, Gewürze (Zwiebelpulver, Kurkuma, Ingwer), Branntweinessig, Meersalz, Knoblauchpüree, 4% Curry(Kurkuma, Koriander, Kreuzkümmel, Fenchel, Bockshornklee, Cayennepfeffer, Ingwer, Salz, Zimt, Anis, Kardamom, Knoblauch), Zwiebeln, Jalapeño-Chilis, Korianderblätter,Maisstärke, Korianderextrakt. Kann enthalten: SELLERIE.",677,163,"7,6","4,4","4,9","3,4","17,6","0,88",https://www.edeka24.de/Lebensmittel/Wuerzmittel-Bruehen/Wuerzmischungen/Maggi-Food-Travel-Curry-Indian-Style-65G.html,https://www.edeka24.de/out/pictures/generated/product/1/540_540_90/maggi_food_travel_curry_indian_style_65g.jpg
1697,Lebensmittel,Würzmittel & Brühen,Würzmischungen,Maggi Herzensküche Spaghetti Bolognese 85G,"1,19 €","14,00 €/kg","inkl. MwSt., zzgl. 4.95 € Versandkosten.",lieferbar innerhalb von 2-5 Werktagen,2023-05-03 00:29:16.897295,Würzpaste für Bolognese Gerichte,,"Verantwortliches Lebensmittelunternehmen:
Maggi GmbH, Julius-Bührer-Straße 8, 78224 Singen","Zutatenverzeichnis: 48,7% Tomatenmark*, karamellisierte Zwiebeln (Zwiebeln*, Sonnenblumenöl*, Zucker*, Salz, Zitronensaftkonzentrat*) , Sonnenblumenöl*, Zucker*, Knoblauchpüree*, Meersalz*, Branntweinessig*, Gewürze* (Knoblauch, Pfeffer, Bockshornkleesamen, Chili), Kräuter* (Oregano, Thymian), Maisstärke*, Rote Beete Saftkonzentrat*. Kann MILCH und SENF enthalten. *Natürliche Zutaten",715,168,"6,2","2,1","19,2","2,4","8,8","0,85",https://www.edeka24.de/Lebensmittel/Wuerzmittel-Bruehen/Wuerzmischungen/Maggi-Herzenskueche-Spaghetti-Bolognese-85G.html,https://www.edeka24.de/out/pictures/generated/product/1/540_540_90/maggi_herzenskamp252che_bolognese_classic_85g.jpg
1698,Lebensmittel,Würzmittel & Brühen,Würzmischungen,Vegeta Würzmischung mit Gemüse 250G,"2,19 €","8,76 €/kg","inkl. MwSt., zzgl. 4.95 € Versandkosten.",lieferbar innerhalb von 2-5 Werktagen,2023-05-03 00:29:21.026753,-,Hinweis zur Aufbewahrung: Trocken und bei Zimmertemperatur lagern.,"Verantwortliches Lebensmittelunternehmen:
Podravka International Deutschland - KONAR Lebensmittelhandels GmbH, Höglwörther Str. 1, 81369 München","Zutatenverzeichnis: Speisesalz, getrocknetes Gemüse 15,5% (Karotten, Pastinake, Kartoffel, Zwiebel, SELLERIE, Blattpetersilie), Geschmacksverstärker (Mononatriumglutamat, Dinatriuminosinat), Zucker, Gewürze, Maisstärke, Farbstoff (Riboflavin).",697,164,"0,5","0,5",32,22,"8,5","56,9",https://www.edeka24.de/Lebensmittel/Wuerzmittel-Bruehen/Wuerzmischungen/Vegeta-Wuerzmischung-mit-Gemuese-250G.html,https://www.edeka24.de/out/pictures/generated/product/1/540_540_90/vegeta_wrzmischung_mit_gemse_250_g.jpg
1700,Lebensmittel,Würzmittel & Brühen,Würzmischungen,Bad Reichenhaller Kräuter Salz 90G,"1,89 €","21,00 €/kg","inkl. MwSt., zzgl. 4.95 € Versandkosten.",lieferbar innerhalb von 2-5 Werktagen,2023-05-03 00:29:27.889508,KräuterSalz mit Folsäure,,"Verantwortliches Lebensmittelunternehmen:
SÜDSALZ GmbH, 83435 Bad Reichenhall","Zutatenverzeichnis: Speisesalz, 17,5 % Kräuter und Gewürze (Petersilie, SELLERIE, Zwiebel, Basilikum, Dill, Majoran, Lorbeer, Rosmarin, Oregano, Thymian), Trennmittel Calciumstearat, Folsäure, Kaliumjodat.","53,9",226,"0,7","0,1","7,1","6,1","2,9","81,5",https://www.edeka24.de/Lebensmittel/Wuerzmittel-Bruehen/Wuerzmischungen/Bad-Reichenhaller-Kraeuter-Salz-90G.html,https://www.edeka24.de/out/pictures/generated/product/1/540_540_90/bad_reichenhaller_kruter_salz.jpg
1702,Lebensmittel,Würzmittel & Brühen,Würzmischungen,Ostmann Kräuter der Provence gerebelt 15G,"2,19 €","146,00 €/kg","inkl. MwSt., zzgl. 4.95 € Versandkosten.",lieferbar innerhalb von 2-5 Werktagen,2023-05-03 00:29:34.988467,Kräuter der Provence gerebelt,,"Verantwortliches Lebensmittelunternehmen:
Ostmann Gewürze GmbH, 49198 Dissen","Zutatenverzeichnis: Rosmarin, Thymian, Basilikum, Majoran, Petersilie, Bohnenkraut, Oregano, Kerbel, Liebstockblätter.",,,,,,,,,https://www.edeka24.de/Lebensmittel/Wuerzmittel-Bruehen/Wuerzmischungen/Ostmann-Kraeuter-der-Provence-gerebelt-15G.html,https://www.edeka24.de/out/pictures/generated/product/1/540_540_90/ostmann_kruter_der_provence_15g.jpg
1703,Lebensmittel,Würzmittel & Brühen,Würzmischungen,Maggi Herzensküche Tomaten Pesto 85G,"1,19 €","14,00 €/kg","inkl. MwSt., zzgl. 4.95 € Versandkosten.",lieferbar innerhalb von 2-5 Werktagen,2023-05-03 00:29:38.382568,Würzpaste für Tomaten-Pesto Gerichte,Hinweis zur Aufbewahrung: Trocken lagern und vor Wärme und Licht schützen. Reste im Kühlschrank aufbewahren und spätestens nach 2-3 Tagen verbrauchen.,"Verantwortliches Lebensmittelunternehmen:
Maggi GmbH, Julius-Bührer-Strasse 8, 78224 Singen","Zutatenverzeichnis: 54% Tomatenmark*, karamellisierte Zwiebeln (Zwiebeln*, Sonnenblumenöl*, Zucker*, Salz, Zitronensaftkonzentrat*), Sonnenblumenöl*, Zucker*, Meersalz*, Knoblauchpüree*, Branntweinessig*, 1,7% PECORINO-KÄSE* (aus Schafsmilch), Olivenpüree*, Kräuter* (Oregano, Thymian), Gewürze* (Pfeffer, Chili), Bockshornkleesamen*, Rote-Beete-Saft Konzentrat*, Zitronensaftkonzentrat*, Maisstärke*, natürliches Aroma* (mit MILCH). Kann SENF enthalten. *Natürliche Zutaten.",661,178,3,1,"27,2","3,3","4,4","0,99",https://www.edeka24.de/Lebensmittel/Wuerzmittel-Bruehen/Wuerzmischungen/Maggi-Herzenskueche-Tomaten-Pesto-85G.html,https://www.edeka24.de/out/pictures/generated/product/1/540_540_90/maggi_herzenskamp252che_tomaten_pesto_85g.jpg
1704,Lebensmittel,Würzmittel & Brühen,Würzmischungen,Maggi Food Travel Pasta Calabrese Style 65G,"1,19 €","18,31 €/kg","inkl. MwSt., zzgl. 4.95 € Versandkosten.",lieferbar innerhalb von 2-5 Werktagen,2023-05-03 00:29:41.965534,Würzpaste für Pasta mit Gemüse und Mozzarella,Hinweis zur Aufbewahrung: Trocken lagern und vor Wärme und Licht schützen. Reste im Kühlschrank aufbewahren und spätestens nach 2-3 Tagen verbrauchen.,"Verantwortliches Lebensmittelunternehmen:
Maggi GmbH, 78221 Singen (Hohentwiel)","Zutatenverzeichnis: 49,9 % Tomatenmark, Branntweinessig, Honig, Sonnenblumenöl, Meersalz, Knoblauchpüree, Kräuter (Oregano, Rosmarin, Thymian, Majoran), Zucker, Gewürze(Kreuzkümmel, Knoblauch, Jalapeño-Chilis, Pfeffer, Nelken), 2 % Tomaten, Zwiebeln, rote Paprika, Maisstärke. Kann enthalten: SELLERIE.",549,128,"4,6","2,1","15,7",3,"5,6","0,55",https://www.edeka24.de/Lebensmittel/Wuerzmittel-Bruehen/Wuerzmischungen/Maggi-Food-Travel-Pasta-Calabrese-Style-65G.html,https://www.edeka24.de/out/pictures/generated/product/1/540_540_90/maggiptpastacalabrese.jpg
1705,Lebensmittel,Würzmittel & Brühen,Würzmischungen,Fuchs Chilipfeffer hot 35G,"5,49 €","156,86 €/kg","inkl. MwSt., zzgl. 4.95 € Versandkosten.",lieferbar innerhalb von 2-5 Werktagen,2023-05-03 00:29:46.519190,Chili Pfeffer hot,,"Verantwortliches Lebensmittelunternehmen:
Fuchs Gewürze GmbH, 49198 Dissen","Zutatenverzeichnis: Chili (39%), Pfeffer (30%), Paprika.",,,,,,,,,https://www.edeka24.de/Lebensmittel/Wuerzmittel-Bruehen/Wuerzmischungen/Fuchs-Chilipfeffer-hot-35G.html,https://www.edeka24.de/out/pictures/generated/product/1/540_540_90/fuchs_chilipfeffer_hot_35g.jpg
1706,Lebensmittel,Würzmittel & Brühen,Würzmischungen,Maggi Food Travel Pasta Toscana Style 65G,"1,19 €","18,31 €/kg","inkl. MwSt., zzgl. 4.95 € Versandkosten.",lieferbar innerhalb von 2-5 Werktagen,2023-05-03 00:29:50.938995,"Würzpaste für Nudeln mit Hähnchen, Rucola und Tomaten",Hinweis zur Aufbewahrung: Trocken lagern und vor Wärme und Licht schützen. Reste im Kühlschrank aufbewahren und spätestens nach 2-3 Tagen verbrauchen.,"Verantwortliches Lebensmittelunternehmen:
Maggi GmbH, 78221 Singen (Hohentwiel)","Zutatenverzeichnis: 57 % Tomatenmark, Zucker, Branntweinessig, Sonnenblumenöl, 4,5 % Tomaten, Meersalz, Knoblauchpüree, Maisstärke, Knoblauch, Kräuter (Thymian, Oregano,Petersilie, Rosmarin), rote Paprika. Kann enthalten: SELLERIE.",683,163,"8,3","0,9","18,2","13,6","2,1","4,3",https://www.edeka24.de/Lebensmittel/Wuerzmittel-Bruehen/Wuerzmischungen/Maggi-Food-Travel-Pasta-Toscana-Style-65G.html,https://www.edeka24.de/out/pictures/generated/product/1/540_540_90/maggiftpastatoscana.jpg
1707,Lebensmittel,Würzmittel & Brühen,Würzmischungen,Block House Zauber Gewüzsalz 70G,"3,49 €","49,86 €/kg","inkl. MwSt., zzgl. 4.95 € Versandkosten.",lieferbar innerhalb von 2-5 Werktagen,2023-05-03 00:29:55.028986,Gewürzsalz,,"Verantwortliches Lebensmittelunternehmen:
Block House 22339 Hamburg","Zutatenverzeichnis: Speisesalz, Pfeffer, Würze, Paprika, Knoblauch, Dextrose, Koriander, Gewürze, Kräuter, Rapsöl, Invertzuckersirup, Zwiebelpulver, Gewürzextrakt (enthält SELLERIE)",545,130,"3,6","1,5",15,"6,9","5,2","60,7",https://www.edeka24.de/Lebensmittel/Wuerzmittel-Bruehen/Wuerzmischungen/Block-House-Zauber-Gewuezsalz-70G.html,https://www.edeka24.de/out/pictures/generated/product/1/540_540_90/block_house_zauber_gewuerzsalz_70g.jpg
1708,Lebensmittel,Würzmittel & Brühen,Würzmischungen,Maggi Food Travel Sweet Chili Style 65G,"1,19 €","18,31 €/kg","inkl. MwSt., zzgl. 4.95 € Versandkosten.",lieferbar innerhalb von 2-5 Werktagen,2023-05-03 00:29:58.685372,Würzpaste für Hähnchen mit Sweet-Chili-Sauce,Hinweis zur Aufbewahrung: Trocken lagern und vor Wärme und Licht schützen. Reste im Kühlschrank aufbewahren und spätestens nach 2-3 Tagen verbrauchen.,"Verantwortliches Lebensmittelunternehmen:
Maggi GmbH, 78221 Singen (Hohentwiel)","Zutatenverzeichnis: Tomatenmark, Honig, Sojasauce (Wasser, SOJABOHNEN, Salz, Branntweinessig), Branntweinessig, Sonnenblumenöl, Zucker, Wasser, Meersalz, Knoblauchpüree, Maisstärke, Gewürze (Ingwer, Chili, Kreuzkümmel, Jalapeño-Chilis), Rote-Bete-Pulver, Korianderblätter, Korianderextrakt. Kann SELLERIE enthalten.",494,118,"2,7","0,4","10,4","9,8","11,7","0,74",https://www.edeka24.de/Lebensmittel/Wuerzmittel-Bruehen/Wuerzmischungen/Maggi-Food-Travel-Sweet-Chili-Style-65G.html,https://www.edeka24.de/out/pictures/generated/product/1/540_540_90/maggi_food_travel_sweet_chili_style_65g.jpg
1710,Lebensmittel,Würzmittel & Brühen,Würzmischungen,Fuchs Ras el Hanout Gewürzmischung 45G,"5,59 €","124,22 €/kg","inkl. MwSt., zzgl. 4.95 € Versandkosten.",lieferbar innerhalb von 2-5 Werktagen,2023-05-03 00:30:06.390297,Ras el Hanout Gewürzmischung,,"Verantwortliches Lebensmittelunternehmen:
Fuchs Gewürze GmbH, 49198 Dissen","Zutatenverzeichnis: Koriander, Kreuzkümmel, Kardamom, Zimt, Pfeffer schwarz, Anis, Chili, Kurkuma, Paprika edelsüß, Ingwer, Knoblauch, Nelken, Sternanis, Muskatnüsse, Rosenblütenblätter, Schwarzkümmel, Lavendelblüten, Paradieskörner.",,,,,,,,,https://www.edeka24.de/Lebensmittel/Wuerzmittel-Bruehen/Wuerzmischungen/Fuchs-Ras-el-Hanout-Gewuerzmischung-45G.html,https://www.edeka24.de/out/pictures/generated/product/1/540_540_90/fuchs_ras_el_hanout_wamp252rzmischung_45g.jpg
1711,Lebensmittel,Würzmittel & Brühen,Würzmischungen,Block House Würz Salz 500G,"5,29 €","10,58 €/kg","inkl. MwSt., zzgl. 4.95 € Versandkosten.",lieferbar innerhalb von 2-5 Werktagen,2023-05-03 00:30:09.679901,Würzmischung,,"Verantwortliches Lebensmittelunternehmen:
Block House 22339 Hamburg","Zutatenverzeichnis: Speisesalz, weißer Pfeffer (2,4%), Knoblauch, Zwiebeln",52,12,"0,1",0,"2,1","0,4","0,5","95,7",https://www.edeka24.de/Lebensmittel/Wuerzmittel-Bruehen/Wuerzmischungen/Block-House-Wuerz-Salz-500G.html,https://www.edeka24.de/out/pictures/generated/product/1/540_540_90/blockhousewrzsalz.jpg
1712,Lebensmittel,Würzmittel & Brühen,Würzmischungen,Maggi Herzensküche Pilz Rahm Nudeln 65G,"1,19 €","18,31 €/kg","inkl. MwSt., zzgl. 4.95 € Versandkosten.",lieferbar innerhalb von 2-5 Werktagen,2023-05-03 00:30:13.300051,Würzpaste für Pilz-Rahm-Gerichte,Hinweis zur Aufbewahrung: Trocken lagern und vor Wärme und Licht schützen. Reste im Kühlschrank aufbewahren und spätestens nach 2-3 Tagen verbrauchen.,"Verantwortliches Lebensmittelunternehmen:
Maggi GmbH, 78221 Singen (Hohentwiel)","Zutatenverzeichnis: 43,1 % Champignons*, karamellisierte Zwiebeln (Zwiebeln*, Sonnenblumenöl*, Zucker*, Salz, Zitronensaftkonzentrat*) , Sonnenblumenöl*, Gewürze* (Zwiebelpulver, Knoblauch, Pfeffer), Meersalz*, Zucker*, Branntweinessig*, Zwiebeln*, Champignonextrakt*, Petersilie*, Maisstärke*, natürliche Aromen*. Kann SELLERIE, MILCH und SENF enthalten. *Natürliche Zutaten",566,131,"3,2","1,2","16,2","1,7","9,4","0,6",https://www.edeka24.de/Lebensmittel/Wuerzmittel-Bruehen/Wuerzmischungen/Maggi-Herzenskueche-Pilz-Rahm-Nudeln-65G.html,https://www.edeka24.de/out/pictures/generated/product/1/540_540_90/maggi_herzenskche_pilz_rahm_nudeln_65_g.jpg
1713,Lebensmittel,Würzmittel & Brühen,Würzmischungen,Pfiffikus Bio Würze und Gemüsebrühe 250G,"8,49 €","33,96 €/kg","inkl. MwSt., zzgl. 4.95 € Versandkosten.",lieferbar innerhalb von 2-5 Werktagen,2023-05-03 00:30:16.612078,-,"Hinweis zur Aufbewahrung: Vor Feuchtigkeit, Licht und Wärme schützen.","Verantwortliches Lebensmittelunternehmen:
Gutes von der Reichenau GmbH & Co. KG, Im Estlikofer 26, 78479 Reichenau","Zutatenverzeichnis: Steinsalz, Maismehl, Äpfel, Karotten, Wurzelpetersilei, Zwiebeln, Lauch, Petersilie, Pastinaken, SELLERIE, Kurkuma, Liebstöckel, Sonnenblumenöl, Ingwer.",662,157,"2,6","0,4","29,4","13,2","3,9","48,3",https://www.edeka24.de/Lebensmittel/Wuerzmittel-Bruehen/Wuerzmischungen/Pfiffikus-Bio-Wuerze-und-Gemuesebruehe-250G.html,https://www.edeka24.de/out/pictures/generated/product/1/540_540_90/pfifickus.jpg
1714,Lebensmittel,Würzmittel & Brühen,Würzmischungen,Block House Knoblauch Pfeffer 50G,"3,49 €","69,80 €/kg","inkl. MwSt., zzgl. 4.95 € Versandkosten.",lieferbar innerhalb von 2-5 Werktagen,2023-05-03 00:30:20.579465,Würzmischung,,"Verantwortliches Lebensmittelunternehmen:
Block House 22339 Hamburg","Zutatenverzeichnis: Knoblauch (32%), Speisesalz, grüner Pfeffer (22%), Zucker, schwarzer Pfeffer, Gewürze, Rapsöl, Kräuter, Säuerungsmittel (Citronensäure).",1133,269,"2,7","0,3",51,21,"8,7","22,5",https://www.edeka24.de/Lebensmittel/Wuerzmittel-Bruehen/Wuerzmischungen/Block-House-Knoblauch-Pfeffer-50G.html,https://www.edeka24.de/out/pictures/generated/product/1/540_540_90/block_house_gruener_knoblauchpfeffer_50g.jpg
1715,Lebensmittel,Würzmittel & Brühen,Würzmischungen,Fuchs Steak Pfeffer 60G,"4,29 €","71,50 €/kg","inkl. MwSt., zzgl. 4.95 € Versandkosten.",lieferbar innerhalb von 2-5 Werktagen,2023-05-03 00:30:25.041937,Steak Pfeffer Gewürzzubereitung,,"Verantwortliches Lebensmittelunternehmen:
Fuchs Gewürze GmbH, 49198 Dissen","Zutatenverzeichnis: Pfeffer, Speisesalz, Paprika, Knoblauch, Zwiebeln, Thymian, basilikum, Piment.",,,,,,,,,https://www.edeka24.de/Lebensmittel/Wuerzmittel-Bruehen/Wuerzmischungen/Fuchs-Steak-Pfeffer-60G.html,https://www.edeka24.de/out/pictures/generated/product/1/540_540_90/fuchsstepfe.jpg
1716,Lebensmittel,Würzmittel & Brühen,Würzmischungen,Block House Zauber Gewürzsalz 280G,"8,49 €","30,32 €/kg","inkl. MwSt., zzgl. 4.95 € Versandkosten.",lieferbar innerhalb von 2-5 Werktagen,2023-05-03 00:30:28.768184,Gewürzsalz,,"Verantwortliches Lebensmittelunternehmen:
Block House, 22339 Hamburg","Zutatenverzeichnis: Speisesalz, Pfeffer, Würze, Paprika, Knoblauch, Dextrose, Koriander, Gewürze, Kräuter, Rapsöl, Invertzuckersirup, Zwiebelpulver, Gewürzextrakt (enthält SELLERIE).",545,130,"3,6","1,5",15,"6,9","5,2","60,7",https://www.edeka24.de/Lebensmittel/Wuerzmittel-Bruehen/Wuerzmischungen/Block-House-Zauber-Gewuerzsalz-280G.html,https://www.edeka24.de/out/pictures/generated/product/1/540_540_90/blockhousezaubergewrz280.jpg
1717,Lebensmittel,Würzmittel & Brühen,Würzmischungen,Block House Knoblauch Pfeffer 200G,"8,49 €","42,45 €/kg","inkl. MwSt., zzgl. 4.95 € Versandkosten.",lieferbar innerhalb von 2-5 Werktagen,2023-05-03 00:30:32.540312,Würzmischung,,"Verantwortliches Lebensmittelunternehmen:
Block House, 22339 Hamburg","Zutatenverzeichnis: Knoblauch (32%), Speisesalz, grüner Pfeffer (22%), Zucker, schwarzer Pfeffer, Gewürze, Rapsöl, Kräuter, Säuerungsmittel (Citronensäure).",269,1133,"2,7","0,3",51,21,"8,7","22,5",https://www.edeka24.de/Lebensmittel/Wuerzmittel-Bruehen/Wuerzmischungen/Block-House-Knoblauch-Pfeffer-200G.html,https://www.edeka24.de/out/pictures/generated/product/1/540_540_90/blockhouseknoblauchpfeffer.jpg
1718,Lebensmittel,Soßen,Fix-Produkte,Maggi Tomaten-Zucchini Gratin 33G,"1,19 €","36,06 €/kg","inkl. MwSt., zzgl. 4.95 € Versandkosten.",lieferbar innerhalb von 2-5 Werktagen,2023-05-03 00:30:36.742707,Fix für Tomaten-Zucchini-Gratin,,"Verantwortliches Lebensmittelunternehmen:
Maggi GmbH, Julius-Bührer-Straße 8, 78224 Singen","Zutatenverzeichnis: Kartoffelstärke, 22,5% Gewürze (Zwiebeln, Bockshornklee, Knoblauch, Pfeffer, Kurkuma), Meersalz, Reismehl, MAGERMILCHPULVER, SAHNEPULVER, 3,2 % Kräuter (2,6% Oregano, Basilikum), 0,6 % Tomaten, natives Olivenöl extra. Kann SELLERIE, EIER, GLUTENHALTIGES GETREIDE, SENF und SOJA enthalten.",293,68,"3,5","1,6","4,7","2,6",4,"0,74",https://www.edeka24.de/index.php?cl=details&anid=f09eae20938c1b4846363c631d8e2c45&emcs0=3&emcs1=Kategorieseite%20-%20Topseller&emcs2=&emcs3=3626169003,https://www.edeka24.de/out/pictures/generated/product/1/540_540_90/maggi_natrlich_amp_bewusst_tomatenzucchini_gratin_33_g.jpg
1719,Lebensmittel,Soßen,Fix-Produkte,Knorr Fix für Wikingertopf mit Hackbällchen 30G,"1,09 €","36,33 €/kg","inkl. MwSt., zzgl. 4.95 € Versandkosten.",lieferbar innerhalb von 2-5 Werktagen,2023-05-03 00:30:41.375592,Fix für Wikingertopf mit Hackbällchen,,"Verantwortliches Lebensmittelunternehmen:
Unilever Deutschland, Postfach 57 05 50, 22774 Hamburg","Zutatenverzeichnis: Palmöl, Stärke, Schmelzkäsepulver (KÄSE, MOLKENERZEUGNIS), jodiertes Speisesalz, MILCHZUCKER, Aromen (mit MILCH), MILCHEIWEISS, Würze, Speisesalz, Hefeextrakt, Gewürze (Knoblauch³, Pfeffer), 0,8% Kräuter (Bärlauch, Petersilie³, Thymian³), Zucker, Zitronensaftpulver. Kann Spuren von GLUTEN, EI, SOJA, SELLERIE und SENF enthalten. ³ aus nachhaltigem Anbau",439,105,"3,1","1,1",13,"1,6",6,"0,33",https://www.edeka24.de/index.php?cl=details&anid=c284d997e9a2a2d78.58410573&emcs0=3&emcs1=Kategorieseite%20-%20Topseller&emcs2=&emcs3=1399476003,https://www.edeka24.de/out/pictures/generated/product/1/540_540_90/knorr_fix_fr_wikingertopf_mit_hackbllchen_30g.jpg
1720,Lebensmittel,Soßen,Fix-Produkte,Knorr Spaghetteria Sauce Quattro Formaggi ergibt 250ML,"1,09 €","4,36 €/l","inkl. MwSt., zzgl. 4.95 € Versandkosten.",lieferbar innerhalb von 2-5 Werktagen,2023-05-03 00:30:45.271794,Käsesauce mit Basilikum,,"Verantwortliches Lebensmittelunternehmen:
Unilever Deutschland, Postfach 570 237, 22771 Hamburg","Zutatenverzeichnis: Palmöl, 18% Schmelzkäsepulver (BLAUSCHIMMELKÄSE, Mozzarella-KÄSE, HARTKÄSE, Crescenza-KÄSE, KÄSE, MOLKENERZEUGNIS), WEIZENMEHL, Stärke, Gemüsemaispulver², Maltodextrin, jodiertes Speisesalz, Glukosesirup, MILCHEIWEISS, Zwiebeln², Speisesalz, Zucker, Würze, Hefeextrakt, Weißweinextrakt, Kräuter² (Basilikum, Schnittlauch), Gewürze (Pfeffer, Petersilienwurzel², Kurkuma), Aromen. Kann SELLERIE, EI, SENF, andere GLUTENHALTIGE GETREIDE und SOJA enthalten. ²aus nachhaltigem Anbau.",440,106,"7,1","4,4","8,1","0,8","2,2","1,3",https://www.edeka24.de/index.php?cl=details&anid=8bd85326a817655a28d81b8852ddb388&emcs0=3&emcs1=Kategorieseite%20-%20Topseller&emcs2=&emcs3=130533005,https://www.edeka24.de/out/pictures/generated/product/1/540_540_90/knorr_spaghetteria_sauce_quattro_formaggi_50g.jpg
1721,Lebensmittel,Soßen,Fix-Produkte,Knorr Spaghetteria Sauce Parmarosa Tomaten & Käse ergibt 250ML,"1,09 €","4,36 €/l","inkl. MwSt., zzgl. 4.95 € Versandkosten.",lieferbar innerhalb von 2-5 Werktagen,2023-05-03 00:30:51.230421,-,,"Verantwortliches Lebensmittelunternehmen:
Unilever Deutschland, Postfach 57 05 50, 22774 Hamburg","Zutatenverzeichnis: 31% Tomaten (Pulver, Stücke), Palmöl, WEIZENMEHL, 14% Schmelzkäsepulver (BLAUSCHIMMELKÄSE, HARTKÄSE, Crescenca-KÄSE, MOLKENERZEUGNIS), Zucker, jodiertes Speisesalz, Stärke, MILCHZUCKER, Kräuter (Oregano, Basilikum, Majoran, Thymian, Rosmarin), MILCHEIWEISS, Zwiebeln, Gewürze (Knoblauch, Pfeffer). Kann SELLERIE, SENF, SOJA, EI und andere GLUTENHALTIGE GETREIDE enthalten.",420,100,"5,2",3,10,"5,8","2,4","1,4",https://www.edeka24.de/index.php?cl=details&anid=8bdc6c01567173815c9d2758e40ac313&emcs0=3&emcs1=Kategorieseite%20-%20Topseller&emcs2=&emcs3=130531009,https://www.edeka24.de/out/pictures/generated/product/1/540_540_90/knorr_spaghetteria_sauce_parmarosa_tomaten_amp_kse_56g(1).jpg
1722,Lebensmittel,Soßen,Fix-Produkte,Knorr Fix Bolognese Typisch Italienisch! 42G,"1,09 €","25,95 €/kg","inkl. MwSt., zzgl. 4.95 € Versandkosten.",lieferbar innerhalb von 2-5 Werktagen,2023-05-03 00:30:56.429359,Fix für Bolognese Typisch Italienisch!,,"Verantwortliches Lebensmittelunternehmen:
Unilever Deutschland, Postfach 57 05 50, 22774 Hamburg","Zutatenverzeichnis: 22% Tomatenpulver³, Zucker, WEIZENMEHL, 9,3% Zwiebeln³, 8% Knoblauch³, Stärke, jodiertes Speisesalz, Speisesalz, Petersilie³, Kochsalzersatz4, Aromen, Hefeextrakt, Würze, 1,3% Oregano³, Gewürze (Pfeffer, Kurkuma, Petersilienwurzel³), natives Olivenöl extra, Bohnenkraut, Rote-Bete-Pulver³, Gemüsesaftkonzentrate³ (SELLERIE, Zwiebel, Karotte, Lauch), Maltodextrin, Zitronensaftpulver, Sonnenblumenöl. Kann Spuren von MILCH, EI, SOJA, andere GLUTENHALTIGE GETREIDE und SENF enthalten. ³ aus nachhaltigem Anbau 4 gewonnen aus natürlichen Kaliummineralien.",560,134,4,1,17,"1,7","7,1","0,45",https://www.edeka24.de/index.php?cl=details&anid=30e4902f276d31eb1f6ae3a96d6f97f8&emcs0=3&emcs1=Kategorieseite%20-%20Topseller&emcs2=&emcs3=4128000009,https://www.edeka24.de/out/pictures/generated/product/1/540_540_90/knorr_fix_bolognese_typisch_italienisch_42g(1).jpg
1723,Lebensmittel,Soßen,Fix-Produkte,Knorr Fix One Pot Pasta Tomate-Käse 38G,"0,60 €","15,79 €/kg","inkl. MwSt., zzgl. 4.95 € Versandkosten.",lieferbar innerhalb von 2-5 Werktagen,2023-05-03 00:31:01.476071,Fix für Nudelgericht mit Tomaten und Käse,,"Verantwortliches Lebensmittelunternehmen:
Unilever Deutschland, Postfach 57 05 50, 22774 Hamburg","Zutatenverzeichnis: 35% Tomatenpulver³, WEIZENMEHL, jodiertes Speisesalz, Stärke, Zucker, 7,2% Zwiebeln³, Würze, 1,5% Knoblauch³, Maiskeimöl, Hefeextrakt, Paprika³, Rosmarin, Majoran, Oregano³, Thymian³. Kann Spuren von MILCH, EI, SOJA, SELLERIE und SENF enthalten. ³ aus nachhaltigem Anbau",426,102,"3,6","0,9",13,"1,8","3,6","0,43",https://www.edeka24.de/Lebensmittel/Sossen/Fix-Produkte/Knorr-Fix-One-Pot-Pasta-Tomate-Kaese-38G.html,https://www.edeka24.de/out/pictures/generated/product/1/540_540_90/kfonepotpastatomatekse.jpg
1724,Lebensmittel,Soßen,Fix-Produkte,Knorr Spaghetteria Sauce Quattro Formaggi ergibt 250ML,"1,09 €","4,36 €/l","inkl. MwSt., zzgl. 4.95 € Versandkosten.",lieferbar innerhalb von 2-5 Werktagen,2023-05-03 00:31:05.039560,Käsesauce mit Basilikum,,"Verantwortliches Lebensmittelunternehmen:
Unilever Deutschland, Postfach 570 237, 22771 Hamburg","Zutatenverzeichnis: Palmöl, 18% Schmelzkäsepulver (BLAUSCHIMMELKÄSE, Mozzarella-KÄSE, HARTKÄSE, Crescenza-KÄSE, KÄSE, MOLKENERZEUGNIS), WEIZENMEHL, Stärke, Gemüsemaispulver², Maltodextrin, jodiertes Speisesalz, Glukosesirup, MILCHEIWEISS, Zwiebeln², Speisesalz, Zucker, Würze, Hefeextrakt, Weißweinextrakt, Kräuter² (Basilikum, Schnittlauch), Gewürze (Pfeffer, Petersilienwurzel², Kurkuma), Aromen. Kann SELLERIE, EI, SENF, andere GLUTENHALTIGE GETREIDE und SOJA enthalten. ²aus nachhaltigem Anbau.",440,106,"7,1","4,4","8,1","0,8","2,2","1,3",https://www.edeka24.de/Lebensmittel/Sossen/Fix-Produkte/Knorr-Spaghetteria-Sauce-Quattro-Formaggi-ergibt-250ML.html,https://www.edeka24.de/out/pictures/generated/product/1/540_540_90/knorr_spaghetteria_sauce_quattro_formaggi_50g.jpg
1725,Lebensmittel,Soßen,Fix-Produkte,Knorr Fix Knuspriges Wiener Schnitzel 90G,"0,89 €","9,89 €/kg","inkl. MwSt., zzgl. 4.95 € Versandkosten.",lieferbar innerhalb von 2-5 Werktagen,2023-05-03 00:31:08.488912,Fix für knuspriges Wiener Schnitzel,,"Verantwortliches Lebensmittelunternehmen:
Unilever Deutschland, Postfach 57 05 50, 22774 Hamburg","Zutatenverzeichnis: 78% Paniermehl (WEIZENMEHL, Speisesalz, Paprika, Hefe), Reismehl, 5,1% EIKLARPULVER, jodiertes Speisesalz, Aromen (mit EI), 1,5% EIGELBPULVER, Maiskeimöl, Würze, Hefeextrakt. Kann Spuren von MILCH, SOJA, SELLERIE, andere GLUTENHALTIGE GETREIDE und SENF enthalten.",915,219,"8,5","1,2",12,1,23,1,https://www.edeka24.de/Lebensmittel/Sossen/Fix-Produkte/Knorr-Fix-Knuspriges-Wiener-Schnitzel-90G.html,https://www.edeka24.de/out/pictures/generated/product/1/540_540_90/knorr_fix_knuspriges_wiener_schnitzel_90g(1).jpg
1726,Lebensmittel,Soßen,Fix-Produkte,Knorr Fix Spaghetti Carbonara 36G,"1,09 €","30,28 €/kg","inkl. MwSt., zzgl. 4.95 € Versandkosten.",lieferbar innerhalb von 2-5 Werktagen,2023-05-03 00:31:12.243532,Fix für Spaghetti alla Carbonara,,"Verantwortliches Lebensmittelunternehmen:
Unilever Deutschland, Postfach 57 05 50, 22774 Hamburg","Zutatenverzeichnis: WEIZENMEHL, pflanzliche Öle (Sonnenblumen, Maiskeim), Stärke, 9,2% geräucherter Speck (Schweinespeck, Speisesalz, Rauch), jodiertes Speisesalz, 5,8% SAHNEPULVER, 4,7% EIGELBPULVER, 4,7% Schmelzkäse (KÄSE, MOLKENERZEUGNIS), 4,6% Zwiebeln², MILCHZUCKER, Zucker, Gewürze (1,8% Knoblauch², Kurkuma), Würze, MILCHEIWEISS, Kräuter (Petersilie, Salbei²), Aromen, Hefeextrakt, Maltodextrin, Champignonsaftkonzentrat. Kann SELLERIE, SENF, SOJA, andere GLUTENHALTIGE GETREIDE enthalten. ²aus nachhaltigem Anbau.",585,140,"3,6","0,9",20,"2,1","6,1","0,56",https://www.edeka24.de/Lebensmittel/Sossen/Fix-Produkte/Knorr-Fix-Spaghetti-Carbonara-36G.html,https://www.edeka24.de/out/pictures/generated/product/1/540_540_90/knorr_fix_spaghetti_alla_carbonara_36g.jpg
1727,Lebensmittel,Soßen,Fix-Produkte,Knorr Fix Bolognese Unsere Beste! 38G,"1,09 €","28,68 €/kg","inkl. MwSt., zzgl. 4.95 € Versandkosten.",lieferbar innerhalb von 2-5 Werktagen,2023-05-03 00:31:15.732194,Fix für Bolognese Unsere Beste!,,"Verantwortliches Lebensmittelunternehmen:
Unilever Deutschland, Postfach 57 05 50, 22774 Hamburg","Zutatenverzeichnis: 35% Tomatenpulver², Stärke, jodiertes Speisesalz, WEIZENMEHL, Zucker, Zwiebeln, 2,3% Karotten², Knoblauch², Würze, Oregano², Maiskeimöl, Paprika, Rote-Bete-Pulver², Basilikum, Petersilie, Aroma. Kann EI, MILCH, SELLERIE, SENF, SOJA, andere GLUTENHALTIGE GETREIDE enthalten. ²aus nachhaltigem Anbau.*aus nachhaltigem Anbau",584,140,"3,2","0,8",20,1,"7,5","0,58",https://www.edeka24.de/Lebensmittel/Sossen/Fix-Produkte/Knorr-Fix-Bolognese-Unsere-Beste-38G.html,https://www.edeka24.de/out/pictures/generated/product/1/540_540_90/knorr_fix_bolognese_unsere_beste_38g(1).jpg
1728,Lebensmittel,Soßen,Fix-Produkte,Knorr Spaghetteria Sauce Parmarosa Tomaten & Käse ergibt 250ML,"1,09 €","4,36 €/l","inkl. MwSt., zzgl. 4.95 € Versandkosten.",lieferbar innerhalb von 2-5 Werktagen,2023-05-03 00:31:19.256607,-,,"Verantwortliches Lebensmittelunternehmen:
Unilever Deutschland, Postfach 57 05 50, 22774 Hamburg","Zutatenverzeichnis: 31% Tomaten (Pulver, Stücke), Palmöl, WEIZENMEHL, 14% Schmelzkäsepulver (BLAUSCHIMMELKÄSE, HARTKÄSE, Crescenca-KÄSE, MOLKENERZEUGNIS), Zucker, jodiertes Speisesalz, Stärke, MILCHZUCKER, Kräuter (Oregano, Basilikum, Majoran, Thymian, Rosmarin), MILCHEIWEISS, Zwiebeln, Gewürze (Knoblauch, Pfeffer). Kann SELLERIE, SENF, SOJA, EI und andere GLUTENHALTIGE GETREIDE enthalten.",420,100,"5,2",3,10,"5,8","2,4","1,4",https://www.edeka24.de/Lebensmittel/Sossen/Fix-Produkte/Knorr-Spaghetteria-Sauce-Parmarosa-Tomaten-Kaese-ergibt-250ML.html,https://www.edeka24.de/out/pictures/generated/product/1/540_540_90/knorr_spaghetteria_sauce_parmarosa_tomaten_amp_kse_56g(1).jpg
1729,Lebensmittel,Soßen,Fix-Produkte,Maggi Ofen-Kartoffeln mit Hackfleisch 34G,"1,19 €","35,00 €/kg","inkl. MwSt., zzgl. 4.95 € Versandkosten.",lieferbar innerhalb von 2-5 Werktagen,2023-05-03 00:31:22.711569,Fix für Kartoffelauflauf mit Hackfleisch,,"Verantwortliches Lebensmittelunternehmen:
Maggi GmbH, 78221 Singen (Hohentwiel)","Zutatenverzeichnis: Gewürze* (13,1% Zwiebeln, Knoblauch, Pfeffer, Muskatnuss), Stärke*, Jodsalz (Salz, Kaliumjodat), WEIZENMEHL*, SAHNEPULVER*, Würze* (aus WEIZEN), Kräuter* (Schnittlauch, Petersilie, Majoran, Thymian), Salz*, geräucherter Speck* (Speck, Salz, Rauch), Zitronensaft*, Zucker*, Paprikaöl*, natürliches Zitronenaroma*, Sonnenblumenöl*. Kann SELLERIE, EIER, SENF und SOJA enthalten. *Natürliche Zutaten.",677,160,"9,6","4,4","9,4",1,"8,6","0,96",https://www.edeka24.de/Lebensmittel/Sossen/Fix-Produkte/Maggi-Ofen-Kartoffeln-mit-Hackfleisch-34G.html,https://www.edeka24.de/out/pictures/generated/product/1/540_540_90/maggi_idee_fr_ofenkartoffeln_mit_hackfleisch.jpg
1730,Lebensmittel,Soßen,Fix-Produkte,Maggi Food Travel Gebratene Nudeln 26G,"1,00 €","38,46 €/kg","inkl. MwSt., zzgl. 4.95 € Versandkosten.",lieferbar innerhalb von 2-5 Werktagen,2023-05-03 00:31:26.875920,Fix für gebratene Nudeln mit Hähnchen und Gemüse,,"Verantwortliches Lebensmittelunternehmen:
Maggi GmbH, 78221 Singen (Hohentwiel)","Zutatenverzeichnis: Zucker*, Gewürze (Zwiebelpulver*, Knoblauch*, Chili*, Paprika*, Ingwer*, Kurkuma*), Jodsalz (Salz, Kaliumjodat), Zwiebeln*, SOJASAUCENPULVER (SOJABOHNEN*, Salz, WEIZEN*), Aroma (mit SENFÖL), Kartoffelstärke*, Sonnenblumenöl*, Würze* (aus WEIZEN), Korianderblätter*, Salz. Kann SELLERIE, EIER, MILCH und SENF enthalten. *natürliche Zutaten",291,1228,"4,2","0,5","52,9","31,5","7,8","25,7",https://www.edeka24.de/Lebensmittel/Sossen/Fix-Produkte/Maggi-Food-Travel-Gebratene-Nudeln-26G.html,https://www.edeka24.de/out/pictures/generated/product/1/540_540_90/maggi_gebratene_nudeln_mit_chili_ingwer_amp_koriander_26_g.jpg
1731,Lebensmittel,Soßen,Fix-Produkte,Knorr Natürlich Lecker Lasagne 43G,"0,80 €","18,60 €/kg","inkl. MwSt., zzgl. 4.95 € Versandkosten.",lieferbar innerhalb von 2-5 Werktagen,2023-05-03 00:31:30.533450,Fix für Lasagne,,"Verantwortliches Lebensmittelunternehmen:
Unilever Deutschland, Postfach 570 237, 22771 Hamburg","Zutatenverzeichnis: 41% Tomaten² (Pulver, Stücke), WEIZENMEHL, Meersalz, Zwiebeln², 3% Knoblauchpulver², natives Olivenöl extra, Paprika, Kräuter (Oregano², Thymian², Rosmarin, Lorbeerblätter), Kartoffelstärke, Pfeffer, Maiskeimöl, Muskatnuss. Kann andere GLUTENHALTIGE GETREIDE, MILCH, EI, SOJA, SELLERIE und SENF enthalten. ² aus nachhaltigem Anbau.",149,625,"6,5","2,6",13,"1,7","9,1","0,73",https://www.edeka24.de/Lebensmittel/Sossen/Fix-Produkte/Knorr-Natuerlich-Lecker-Lasagne-43G.html,https://www.edeka24.de/out/pictures/generated/product/1/540_540_90/knorr_natamp252rlich_lecker_lasagne_43g.jpg
1732,Lebensmittel,Soßen,Fix-Produkte,Maggi Fix Spaghetti Carbonara 35G,"1,19 €","34,00 €/kg","inkl. MwSt., zzgl. 4.95 € Versandkosten.",lieferbar innerhalb von 2-5 Werktagen,2023-05-03 00:31:34.039221,Fix für Spaghetti alla Carbonara,,"Verantwortliches Lebensmittelunternehmen:
Maggi GmbH, 78221 Singen (Hohentwiel)","Zutatenverzeichnis: Kartoffelstärke*, WEIZENMEHL*, Sonnenblumenöl*, 8,7% geräucherter Speck* (Speck, Salz, Rauch), Meersalz*, Zwiebeln*, Gewürze* (Knoblauch, Pfeffer, Muskatnuss, Bockshornklee, Kurkuma), EIGELBPULVER*, 2,8% KÄSE, MILCHZUCKER*, 1,9% HARTKÄSE, MILCHEIWEISSERZEUGNIS*, WEIZENSTÄRKE*, Salz*, Würze* (aus WEIZEN), MOLKENERZEUGNIS, Zitronensaftpulver*, Zitronenextrakt*, Zucker*. Kann SELLERIE, SENF und SOJA enthalten. *natürliche Zutaten",594,139,"3,8","1,8","21,5","1,3","4,7","0,75",https://www.edeka24.de/Lebensmittel/Sossen/Fix-Produkte/Maggi-Fix-Spaghetti-Carbonara-35G.html,https://www.edeka24.de/out/pictures/generated/product/1/540_540_90/maggi_fix_spaghetti_carbonara_35g.jpg
1733,Lebensmittel,Soßen,Fix-Produkte,Maggi Fix Currywurst 38G,"1,19 €","31,32 €/kg","inkl. MwSt., zzgl. 4.95 € Versandkosten.",lieferbar innerhalb von 2-5 Werktagen,2023-05-03 00:31:38.426560,Fix für Currywurst in pikanter Sauce,,"Verantwortliches Lebensmittelunternehmen:
Maggi GmbH, 78221 Singen (Hohentwiel)","Zutatenverzeichnis: Zucker*, 22,2% Tomaten*, Fructose*, Kartoffelstärke*, Gewürze* (Zwiebeln, Knoblauch, Bockshornklee, Kurkuma, Kreuzkümmel, Chili, Koriander, Pfeffer, Kardamom, Ingwer, Paprika), Reismehl*, Jodsalz (Salz, Kaliumjodat), Apfelpulver*, natürliche Aromen*, Essigextrakt*, rote Paprika*, SENFSAMEN*, SOJASAUCENPULVER (SOJABOHNEN, Salz, WEIZEN), geräucherter Speck* (Speck, Salz, Rauch), Zitronensaftpulver*, Würze* (aus WEIZEN), Sonnenblumenöl*, Salz*, natürliches Zitronenaroma*. Kann MILCH, SELLERIE und EIER enthalten. *natürliche Zutaten.",820,196,"15,7","5,3","6,2","4,2","7,3","1,5",https://www.edeka24.de/Lebensmittel/Sossen/Fix-Produkte/Maggi-Fix-Currywurst-38G.html,https://www.edeka24.de/out/pictures/generated/product/1/540_540_90/maggi_fix_currywurst_38g.jpg
1734,Lebensmittel,Soßen,Fix-Produkte,Knorr Fix Bolognese Typisch Italienisch! 42G,"1,09 €","25,95 €/kg","inkl. MwSt., zzgl. 4.95 € Versandkosten.",lieferbar innerhalb von 2-5 Werktagen,2023-05-03 00:31:42.132808,Fix für Bolognese Typisch Italienisch!,,"Verantwortliches Lebensmittelunternehmen:
Unilever Deutschland, Postfach 57 05 50, 22774 Hamburg","Zutatenverzeichnis: 22% Tomatenpulver³, Zucker, WEIZENMEHL, 9,3% Zwiebeln³, 8% Knoblauch³, Stärke, jodiertes Speisesalz, Speisesalz, Petersilie³, Kochsalzersatz4, Aromen, Hefeextrakt, Würze, 1,3% Oregano³, Gewürze (Pfeffer, Kurkuma, Petersilienwurzel³), natives Olivenöl extra, Bohnenkraut, Rote-Bete-Pulver³, Gemüsesaftkonzentrate³ (SELLERIE, Zwiebel, Karotte, Lauch), Maltodextrin, Zitronensaftpulver, Sonnenblumenöl. Kann Spuren von MILCH, EI, SOJA, andere GLUTENHALTIGE GETREIDE und SENF enthalten. ³ aus nachhaltigem Anbau 4 gewonnen aus natürlichen Kaliummineralien.",560,134,4,1,17,"1,7","7,1","0,45",https://www.edeka24.de/Lebensmittel/Sossen/Fix-Produkte/Knorr-Fix-Bolognese-Typisch-Italienisch-42G.html,https://www.edeka24.de/out/pictures/generated/product/1/540_540_90/knorr_fix_bolognese_typisch_italienisch_42g(1).jpg
1735,Lebensmittel,Soßen,Fix-Produkte,Knorr Fix Gulasch 49G,"1,09 €","22,24 €/kg","inkl. MwSt., zzgl. 4.95 € Versandkosten.",lieferbar innerhalb von 2-5 Werktagen,2023-05-03 00:31:46.388418,Fix für Gulasch,,"Verantwortliches Lebensmittelunternehmen:
Unilever Deutschland, Postfach 57 05 50, 22774 Hamburg","Zutatenverzeichnis: Stärke¹, 12% Paprika¹, 11% Zwiebeln¹², jodiertes Speisesalz, Zucker¹, Kartoffeln, 9,1% Tomatenpulver¹², Aromen, Speisesalz, Maiskeimöl¹, 1,2% Knoblauch¹², Majoran¹, Zitronensaftpulver¹, Kümmel¹, Pfeffer¹, Chili¹, Piment¹, Petersilienwurzel¹². Kann EI, MILCH, SELLERIE, SENF, SOJA, GLUTENHALTIGE GETREIDE enthalten. ¹Natürliche Zutaten sind mit einem Sternchen gekennzeichnet. ²aus nachhaltigem Anbau.",611,146,"8,8","2,9","4,3","1,9",12,"0,82",https://www.edeka24.de/Lebensmittel/Sossen/Fix-Produkte/Knorr-Fix-Gulasch-49G.html,https://www.edeka24.de/out/pictures/generated/product/1/540_540_90/knorr_fix_gulasch_49g.jpg
1736,Lebensmittel,Soßen,Fix-Produkte,Maggi Würstchen Gulasch 30G,"1,19 €","39,67 €/kg","inkl. MwSt., zzgl. 4.95 € Versandkosten.",lieferbar innerhalb von 2-5 Werktagen,2023-05-03 00:31:51.087915,Fix für Würstchen-Gulasch,,"Verantwortliches Lebensmittelunternehmen:
Maggi GmbH, 78221 Singen (Hohentwiel)","Zutatenverzeichnis: 25,8% Tomaten*, MILCHZUCKER*, Maisstärke*, Reismehl*, WEIZENMEHL*, Gewürze* (5,1% Paprika, Zwiebeln, Muskatnuss, Pfeffer, Chili), Jodsalz (Salz, Kaliumjodat), Zwiebelstückchen*, natürliche Aromen*, Sonnenblumenöl*, Petersilie*, natürliches Zwiebelaroma mit anderen natürlichen Aromen*, Paprikaöl*, Würze* (aus WEIZEN), MILCHEIWEISSERZEUGNIS*, GERSTENMALZEXTRAKT*, Salz. Kann SELLERIE, EIER, SENF und SOJA enthalten. *natürliche Zutaten.",342,82,"3,3","0,9","4,3","2,1","8,1","1,4",https://www.edeka24.de/Lebensmittel/Sossen/Fix-Produkte/Maggi-Wuerstchen-Gulasch-30G.html,https://www.edeka24.de/out/pictures/generated/product/1/540_540_90/maggi_idee_fr_wrstchen_gulasch_30_g.jpg
1737,Lebensmittel,Soßen,Fix-Produkte,Maggi Rosmarin Kartoffeln 28G,"1,19 €","42,50 €/kg","inkl. MwSt., zzgl. 4.95 € Versandkosten.",lieferbar innerhalb von 2-5 Werktagen,2023-05-03 00:31:54.820081,Fix für Rosmarin-Kartoffen,,"Verantwortliches Lebensmittelunternehmen:
Maggi GmbH, 78221 Singen (Hohentwiel)","Zutatenverzeichnis: 41,6% Gewürze* (Zwiebelpulver, Paprika, Knoblauch, Pfeffer), Jodsalz (Salz, Kaliumjodat), WEIZENMEHL*, Zwiebeln*, 6,3 % Kräuter*(2,8% Rosmarin, Thymian, Oregano), Salz*, Sonnenblumenöl*, Würze* (aus WEIZEN). Kann SELLERIE, SENF, MILCH, EIER und SOJA enthalten. *Natürliche Zutaten.",647,155,"5,1","0,6","21,8","1,5",3,"1,2",https://www.edeka24.de/Lebensmittel/Sossen/Fix-Produkte/Maggi-Rosmarin-Kartoffeln-28G.html,https://www.edeka24.de/out/pictures/generated/product/1/540_540_90/maggi_idee_fr_rosmarin_kartoffeln_mit_rosmarin_thymian_amp_oregano_28_g.jpg
1738,Lebensmittel,Soßen,Fix-Produkte,Knorr Fix für Schlemmer Geschnetzeltes 43G,"1,09 €","25,35 €/kg","inkl. MwSt., zzgl. 4.95 € Versandkosten.",lieferbar innerhalb von 2-5 Werktagen,2023-05-03 00:31:59.608074,Fix für Schlemmer-Geschnetzeltes,,"Verantwortliches Lebensmittelunternehmen:
Unilever Deutschland, Postfach 570 237, 22771 Hamburg","Zutatenverzeichnis: WEIZENMEHL, Palmöl, Stärke, Zucker, Aromen, 6,6% SENFPULVER (SENFSAMEN, Maltodextrin, modifizierte Stärke, Speisesalz, Kurkuma, Gewürze, natürliches Aroma, Branntweinessig), Speisesalz, Tomatenpulver³, jodiertes Speisesalz, Hefeextrakt, Würze, Karamellzuckersirup, Zwiebelsaftkonzentrat³, Kochsalzersatz4, Kräuter (Schnittlauch³, Petersilie³), Maltodextrin, Zitronensaftpulver, Paprika³, Pfeffer, Petersilienwurzel³, Sonnenblumenöl. ³ aus nachhaltigem Anbau 4 gewonnen aus natürlichen Kaliummineralien Kann Spuren von MILCH, EI, SOJA und SELLERIE enthalten.",452,108,"4,4","1,6","4,4","2,5",12,"0,67",https://www.edeka24.de/Lebensmittel/Sossen/Fix-Produkte/Knorr-Fix-fuer-Schlemmer-Geschnetzeltes-43G.html,https://www.edeka24.de/out/pictures/generated/product/1/540_540_90/knorr_fix_fr_schlemmer_geschnetzeltes_43g.jpg
1739,Lebensmittel,Soßen,Fix-Produkte,Knorr Fix Rouladen 31G,"1,09 €","35,16 €/kg","inkl. MwSt., zzgl. 4.95 € Versandkosten.",lieferbar innerhalb von 2-5 Werktagen,2023-05-03 00:32:03.123495,-,,"Verantwortliches Lebensmittelunternehmen:
Unilever Deutschland, Postfach 57 05 50, 22774 Hamburg","Zutatenverzeichnis: Stärke (Kartoffel, Mais¹), Aromen, WEIZENMEHL¹, Hefeextrakt¹, 5,5% Tomatenpulver¹², 5% Zwiebeln¹², jodiertes Speisesalz, Zucker¹, Speisesalz, Karamellzuckersirup, KNOLLENSELLERIE¹², Balsamico-Essig-Pulver¹ (Weinessig, Traubenmost), Paprika¹, Knoblauch¹², geräucherter Speck¹ (Schweinespeck, Speisesalz, Rauch), Muskatnuss¹, Zwiebelsaftkonzentrat², Pfeffer¹, Lorbeerblätter¹², Sonnenblumenöl, Petersilienwurzel¹², Wacholderöl¹. Kann EI, MILCH, SENF, SOJA, andere GLUTENHALTIGE GETREIDE enthalten. ¹Natürliche Zutaten sind mit einem Sternchen gekennzeichnet. ²aus nachhaltigem Anbau.",605,144,"6,3","1,9","3,4","0,5",18,"0,66",https://www.edeka24.de/Lebensmittel/Sossen/Fix-Produkte/Knorr-Fix-Rouladen-31G.html,https://www.edeka24.de/out/pictures/generated/product/1/540_540_90/knorr_fix_rouladen_31g(1).jpg
1740,Lebensmittel,Soßen,Fix-Produkte,Knorr Fix für Gebratene Asia Nudeln 30G,"1,09 €","36,33 €/kg","inkl. MwSt., zzgl. 4.95 € Versandkosten.",lieferbar innerhalb von 2-5 Werktagen,2023-05-03 00:32:06.186520,Fix/Basis für Gebratene Nudeln,,"Verantwortliches Lebensmittelunternehmen:
Unilever Deutschland, Postfach 570 237, 22771 Hamburg","Zutatenverzeichnis: 13% Röstzwiebelpulver², Zucker, 9,7% Knoblauch², 9,3% Curry (Koriander, Kreuzkümmel, 2,4% Ingwer, Kurkuma, Pfeffer, Anis, Zimt, Fenchelsamen, Liebstöckelwurzel, Chili, Piment), Speisesalz, jodiertes Speisesalz, Maltodextrin, Hefeextrakt, Palmöl, Sojasauce (SOJABOHNEN, WEIZEN), Paprika, Stärke, Würze, Gemüsesaftkonzentrate² (SELLERIE, Karotte, Lauch, Zwiebel), Korianderblätter². Kann EI, MILCH, SENF und andere GLUTENHALTIGE GETREIDE enthalten. ²aus nachhaltigem Anbau.",478,114,"2,1","0,3",15,3,"8,7","0,61",https://www.edeka24.de/Lebensmittel/Sossen/Fix-Produkte/Knorr-Fix-fuer-Gebratene-Asia-Nudeln-30G.html,https://www.edeka24.de/out/pictures/generated/product/1/540_540_90/knorr_fix_fr_gebratene_nudeln_30g.jpg
1741,Lebensmittel,Soßen,Fix-Produkte,Maggi Fix Hackbraten 70G,"1,19 €","17,00 €/kg","inkl. MwSt., zzgl. 4.95 € Versandkosten.",lieferbar innerhalb von 2-5 Werktagen,2023-05-03 00:32:08.961097,Fix für Hackbraten,,"Verantwortliches Lebensmittelunternehmen:
Maggi GmbH, 78221 Singen (Hohentwiel)","Zutatenverzeichnis: 49,3% Paniermehl (WEIZENMEHL*, Salz, Hefe*, Antioxidationsmittel Extrakt aus Rosmarin), 17,5% Zwiebeln*, Gewürze* (Zwiebelpulver, Paprika, SENFKÖRNER, Knoblauch, Pfeffer, Kurkuma), Meersalz*, Kräuter* (Majoran, Bohnenkraut, Petersilie), HÜHNEREI-EIWEISSPULVER*, Sonnenblumenöl*. Kann SELLERIE, MILCH und SOJA enthalten. *natürliche Zutaten",950,226,"15,2","5,3","6,7","1,4","15,5",1,https://www.edeka24.de/Lebensmittel/Sossen/Fix-Produkte/Maggi-Fix-Hackbraten-70G.html,https://www.edeka24.de/out/pictures/generated/product/1/540_540_90/maggi_fix_hackbraten_70g.jpg
1742,Lebensmittel,Soßen,Fix-Produkte,Maggi Curry Geschnetzeltes 41G,"1,19 €","29,02 €/kg","inkl. MwSt., zzgl. 4.95 € Versandkosten.",lieferbar innerhalb von 2-5 Werktagen,2023-05-03 00:32:12.069020,Fix für Hähnchen-Geschnetzeltes in Curry-Sauce,,"Verantwortliches Lebensmittelunternehmen:
Maggi GmbH, 78221 Singen (Hohentwiel)","Zutatenverzeichnis: Sonnenblumenöl*, Kartoffelstärke*, Zucker*, Jodsalz (Salz, Kaliumjodat), Reismehl*, MILCHZUCKER*, 5% Curry (Koriander*, Kurkuma*, SENFKÖRNER*, SELLERIE*, Chili*, Bockshornklee*, Pfeffer*, Paprika*, Liebstöckel*, Kreuzkümmel*, Salz, Ingwer*, Lorbeer*, Dill*, Kümmel*, Zwiebeln*, Knoblauch*), Zwiebeln*, Würze* (aus WEIZEN), Salz*, Kurkuma*, Chili*, Petersilie*, Paprika*, MILCHEIWEISSERZEUGNIS*, natürliche Aromen*. Kann EIER und SOJA enthalten. *natürliche Zutaten.",430,1799,"22,1","2,2","49,9","16,3","6,6",14,https://www.edeka24.de/Lebensmittel/Sossen/Fix-Produkte/Maggi-Curry-Geschnetzeltes-41G.html,https://www.edeka24.de/out/pictures/generated/product/1/540_540_90/maggi_idee_fr_curry_geschnetzeltes_41_g.jpg
1743,Lebensmittel,Soßen,Fix-Produkte,Maggi Fix Gulasch 48G,"1,19 €","24,79 €/kg","inkl. MwSt., zzgl. 4.95 € Versandkosten.",lieferbar innerhalb von 2-5 Werktagen,2023-05-03 00:32:20.269110,Fix für Gulasch,,"Verantwortliches Lebensmittelunternehmen:
Maggi GmbH, 78221 Singen (Hohentwiel)","Zutatenverzeichnis: WEIZENMEHL*, 19,2% Gewürze* (Paprika, 5,6% Zwiebeln, Knoblauch, Kümmel, Koriander, Pfeffer, Cayennepfeffer, Kreuzkümmel, Piment), Tomaten*, Zucker*, Meersalz*, Würze* (aus WEIZEN), Kartoffelstärke*, Salz*, Sonnenblumenöl*, Kräuter* (Rosmarin, Thymian, Lorbeerblätter), SELLERIESAMEN*, karamellisierter Zucker*, natürliches Aroma*, WEIZENSTÄRKE*, Zitronensaftpulver*, Zitronenextrakt*. Kann EIER, MILCH, SENF und SOJA enthalten. *natürliche Zutaten",548,131,"5,1","1,7","4,1","1,4","16,6","0,91",https://www.edeka24.de/Lebensmittel/Sossen/Fix-Produkte/Maggi-Fix-Gulasch-48G.html,https://www.edeka24.de/out/pictures/generated/product/1/540_540_90/maggi_fix_gulasch_48g.jpg
1744,Lebensmittel,Soßen,Fix-Produkte,Knorr Fix Tomaten Bolognese 46G,"1,09 €","23,70 €/kg","inkl. MwSt., zzgl. 4.95 € Versandkosten.",lieferbar innerhalb von 2-5 Werktagen,2023-05-03 00:32:23.764052,Fix für Tomaten Bolognese,,"Verantwortliches Lebensmittelunternehmen:
Unilever Deutschland, Postfach 57 05 50, 22774 Hamburg","Zutatenverzeichnis: 48% Tomatenpulver³, Stärke, Zucker, jodiertes Speisesalz, WEIZENMEHL, Würze, Maiskeimöl, Kochsalzersatz4, Kräuter (Basilikum³, Thymian³, Oregano³), Hefeextrakt, Zwiebeln³, Gewürze (Knoblauch³, Pfeffer), Rote-Bete-Pulver, Aromen, Speisesalz. Kann Spuren von MILCH, EI, SOJA, SELLERIE, GLUTENHALTIGE GETREIDE und SENF enthalten. ³ aus nachhaltigem Anbau 4 gewonnen aus natürlichen Kaliummineralien",542,130,"2,9","0,7",19,"1,7","6,9","0,4",https://www.edeka24.de/Lebensmittel/Sossen/Fix-Produkte/Knorr-Fix-Tomaten-Bolognese-46G.html,https://www.edeka24.de/out/pictures/generated/product/1/540_540_90/tomatenbolognese.jpg
1745,Lebensmittel,Soßen,Fix-Produkte,Maggi Hack-Lauch Pfanne mit Nudeln 42G,"1,19 €","28,33 €/kg","inkl. MwSt., zzgl. 4.95 € Versandkosten.",lieferbar innerhalb von 2-5 Werktagen,2023-05-03 00:32:27.175797,Fix für Hackfleisch-Lauch-Pfanne mit Nudeln,,"Verantwortliches Lebensmittelunternehmen:
Maggi GmbH, Julius-Bührer-Straße 8, 78224 Singen","Zutatenverzeichnis: Kartoffelstärke*, Jodsalz (Salz, Kaliumjodat), Gewürze* (Zwiebeln, Knoblauch, Pfeffer, Paprika, Muskatnuss), WEIZENMEHL*, Sonnenblumenöl*, natürliche Aromen* (mit WEIZEN), MILCHEIWEISSERZEUGNIS*, 2,3% geräucherter Speck* (Speck, Salz, Rauch), Kräuter* (Petersilie, Schnittlauch), MILCHEIWEISS*, MILCHZUCKER*, Salz*, Würze* (aus WEIZEN), GERSTENMALZEXTRAKT*. Kann SELLERIE, EIER, SENF und SOJA enthalten. *Natürliche Zutaten.",574,135,"7,3","3,3","11,2","1,5","6,1","0,69",https://www.edeka24.de/Lebensmittel/Sossen/Fix-Produkte/Maggi-Hack-Lauch-Pfanne-mit-Nudeln-42G.html,https://www.edeka24.de/out/pictures/generated/product/1/540_540_90/maggi_hacklauch_pfanne_mit_nudeln_42g.jpg
1746,Lebensmittel,Soßen,Fix-Produkte,Maggi Tomaten-Zucchini Gratin 33G,"1,19 €","36,06 €/kg","inkl. MwSt., zzgl. 4.95 € Versandkosten.",lieferbar innerhalb von 2-5 Werktagen,2023-05-03 00:32:30.788757,Fix für Tomaten-Zucchini-Gratin,,"Verantwortliches Lebensmittelunternehmen:
Maggi GmbH, Julius-Bührer-Straße 8, 78224 Singen","Zutatenverzeichnis: Kartoffelstärke, 22,5% Gewürze (Zwiebeln, Bockshornklee, Knoblauch, Pfeffer, Kurkuma), Meersalz, Reismehl, MAGERMILCHPULVER, SAHNEPULVER, 3,2 % Kräuter (2,6% Oregano, Basilikum), 0,6 % Tomaten, natives Olivenöl extra. Kann SELLERIE, EIER, GLUTENHALTIGES GETREIDE, SENF und SOJA enthalten.",293,68,"3,5","1,6","4,7","2,6",4,"0,74",https://www.edeka24.de/Lebensmittel/Sossen/Fix-Produkte/Maggi-Tomaten-Zucchini-Gratin-33G.html,https://www.edeka24.de/out/pictures/generated/product/1/540_540_90/maggi_natrlich_amp_bewusst_tomatenzucchini_gratin_33_g.jpg
1747,Lebensmittel,Soßen,Fix-Produkte,Maggi Fix Rahm Champignons 36G,"1,19 €","33,06 €/kg","inkl. MwSt., zzgl. 4.95 € Versandkosten.",lieferbar innerhalb von 2-5 Werktagen,2023-05-03 00:32:34.364290,Fix für Rahm-Champignons,,"Verantwortliches Lebensmittelunternehmen:
Maggi GmbH, 78221 Singen (Hohentwiel)","Zutatenverzeichnis: Stärke*, Sonnenblumenöl*, WEIZENMEHL*, MILCHZUCKER*, Jodsalz (Salz, Kaliumjodat), Gewürze* (Zwiebeln, Knoblauch, Kurkuma, Muskatnuss), Würze* (aus WEIZEN), geräucherter Speck* (Speck, Salz, Rauch), Salz*, SAHNEPULVER*, Petersilie*, Zitronensaft*, natürliches Zitronenaroma*, natürliches Pfefferaroma*, natürliches Zwiebelaroma mit anderen natürlichen Aromen*, natürliche Aromen*, MILCHEIWEISSERZEUGNIS*, Zucker*. Kann SELLERIE, EIER, SENF und SOJA enthalten. *natürliche Zutaten",256,59,"3,8","1,4","3,9","0,9","2,2","0,7",https://www.edeka24.de/Lebensmittel/Sossen/Fix-Produkte/Maggi-Fix-Rahm-Champignons-36G.html,https://www.edeka24.de/out/pictures/generated/product/1/540_540_90/maggi_fix_rahm_champignons_36g.jpg
1748,Lebensmittel,Soßen,Fix-Produkte,Maggi Geschnetzeltes Zürcher Art 47G,"1,19 €","25,32 €/kg","inkl. MwSt., zzgl. 4.95 € Versandkosten.",lieferbar innerhalb von 2-5 Werktagen,2023-05-03 00:32:38.162047,Fix für Geschnetzeltes mit Champignons,,"Verantwortliches Lebensmittelunternehmen:
Maggi GmbH, 78221 Singen (Hohentwiel)","Zutatenverzeichnis: Kartoffelstärke*, Sonnenblumenöl*, WEIZENMEHL*, Jodsalz (Salz, Kaliumjodat), MILCHZUCKER*, Würze* (aus WEIZEN), Champignonextrakt*, Gewürze (2,3% Zwiebeln*, Knoblauch*, Curry, Pfeffer*), Salz*, natürliche Aromen* (mit MILCH), Zitronensaft*, natürliches Zitronenaroma*, natürliches Zwiebel Aroma mit anderen natürlichen Aromen*, MILCHEIWEISSERZEUGNIS*, Weißweinextrakt*, Zucker*. Enthält SELLERIE, EIER, SENF und SOJA. *natürliche Zutaten",393,94,"3,9","0,6","3,9","0,7","10,4","0,92",https://www.edeka24.de/Lebensmittel/Sossen/Fix-Produkte/Maggi-Geschnetzeltes-Zuercher-Art-47G.html,https://www.edeka24.de/out/pictures/generated/product/1/540_540_90/maggi_fix_geschnetzeltes_zamp252rcher_art_47g.jpg
1749,Lebensmittel,Soßen,Fix-Produkte,Knorr Fix Spaghetti Napoli 39G,"1,09 €","27,95 €/kg","inkl. MwSt., zzgl. 4.95 € Versandkosten.",lieferbar innerhalb von 2-5 Werktagen,2023-05-03 00:32:41.556529,Fix für Spaghetti Napoli,,"Verantwortliches Lebensmittelunternehmen:
Unilever Deutschland, Postfach 570 237, 22771 Hamburg","Zutatenverzeichnis: 53% Tomatenpulver³, Stärke, Zucker, jodiertes Speisesalz, Maiskeimöl, Zwiebeln³, Kräuter (Basilikum³, Thymian³, Oregano³), Pfeffer. ³ aus nachhaltigem Anbau Kann Spuren von GLUTEN, MILCH, EI, SOJA, SELLERIE und SENF enthalten.",124,520,2,"0,3",22,"1,8","3,8","0,3",https://www.edeka24.de/Lebensmittel/Sossen/Fix-Produkte/Knorr-Fix-Spaghetti-Napoli-39G.html,https://www.edeka24.de/out/pictures/generated/product/1/540_540_90/knorrspaghnapo.jpg
1750,Lebensmittel,Soßen,Fix-Produkte,Knorr Fix Paprika-Mais Nudeln mit Hähnchen 42G,"1,09 €","25,95 €/kg","inkl. MwSt., zzgl. 4.95 € Versandkosten.",lieferbar innerhalb von 2-5 Werktagen,2023-05-03 00:32:45.040231,Fix für Nudelgericht mit buntem Gemüse und Hähnchen,,"Verantwortliches Lebensmittelunternehmen:
Unilever Deutschland, Postfach 57 05 50, 22774 Hamburg","Zutatenverzeichnis: 24% Tomatenpulver², Zucker, Stärke, 8,8% Knoblauch², WEIZENMEHL, Palmöl, jodiertes Speisesalz, Zwiebeln², Speisesalz, natives Olivenöl extra, 1,6% Petersilie², Hefeextrakt, Würze, Gewürze (Pfeffer, Kurkuma, Petersilienwurzel²), Kochsalzersatz³, Rote-Bete-Pulver, Gemüsesaftkonzentrate² (SELLERIE, Zwiebel, Karotte, Lauch), Rosmarin², Maltodextrin, Aromen, Zitronensaftpulver. Kann EI, MILCH, SENF, SOJA, andere GLUTENHALTIGE GETREIDE enthalten. ²aus nachhaltigem Anbau. ³gewonnen aus natürlichen Kaliummineralien.",473,113,"2,9","1,1",13,"2,2","6,9","0,38",https://www.edeka24.de/Lebensmittel/Sossen/Fix-Produkte/Knorr-Fix-Paprika-Mais-Nudeln-mit-Haehnchen-42G.html,https://www.edeka24.de/out/pictures/generated/product/1/540_540_90/kfpaprikamaisnudelnhhnchen.jpg
1751,Lebensmittel,Soßen,Fix-Produkte,Knorr Fix Thai Curry mild & cremig 30G,"1,09 €","36,33 €/kg","inkl. MwSt., zzgl. 4.95 € Versandkosten.",lieferbar innerhalb von 2-5 Werktagen,2023-05-03 00:32:48.502478,Fix/Basis für mildes Thai Curry mit Hähnchen,,"Verantwortliches Lebensmittelunternehmen:
Unilever Deutschland, Postfach 57 05 50, 22774 Hamburg","Zutatenverzeichnis: Stärke, 20% Zwiebelpulver², Meersalz, Reismehl, 7,1% Tomatenpulver², 4,4% Curry (Koriander, Kreuzkümmel, Kurkuma, Pfeffer, Anis, Zimt, Fenchelsamen, Ingwer, Liebstöckelwurzel, Chili, Piment), Champignons², Maiskeimöl, Ingwer, Frühlingszwiebeln², Knoblauch², Petersilie², Koriander, SELLERIESAMEN, Bockshornkleesamen, Chili, Muskatnuss. Kann EI, MILCH, SENF, SOJA, GLUTENHALTIGE GETREIDE enthalten. ²aus nachhaltigem Anbau.",406,97,"2,3","1,4",13,2,"5,4","0,44",https://www.edeka24.de/Lebensmittel/Sossen/Fix-Produkte/Knorr-Fix-Thai-Curry-mild-cremig-30G.html,https://www.edeka24.de/out/pictures/generated/product/1/540_540_90/knorrthacur.jpg
1752,Lebensmittel,Soßen,Fix-Produkte,Knorr Fix für Schweinebraten 41G,"1,09 €","26,59 €/kg","inkl. MwSt., zzgl. 4.95 € Versandkosten.",lieferbar innerhalb von 2-5 Werktagen,2023-05-03 00:32:52.086306,Fix für Schweinebraten,,"Verantwortliches Lebensmittelunternehmen:
Unilever Deutschland, Postfach 570 237, 22771 Hamburg","Zutatenverzeichnis: Stärke, 14% Zwiebeln³, Palmöl, Reismehl, 9,7% Tomatenpulver³, jodiertes Speisesalz, Zucker, Würze, Karotten³, 2,8% SELLERIE³, Karamellzuckersirup, Aromen, Paprika³, Kochsalzersatz4, Maltodextrin, Knoblauch³, Speisesalz, Lorbeerblätter, Majoran, Thymian³, Rosmarin, Pfeffer, Kümmel, Zwiebelsaftkonzentrat³, Hefeextrakt, Zitronensaftpulver³, Sonnenblumenöl, Petersilienwurzel³. ³ aus nachhaltigem Anbau 4 gewonnen aus natürlichen Kaliummineralien Kann Spuren von GLUTEN, MILCH, EI, SOJA und SENF enthalten.",101,425,"3,5",1,3,"0,9",14,"0,61",https://www.edeka24.de/Lebensmittel/Sossen/Fix-Produkte/Knorr-Fix-fuer-Schweinebraten-41G.html,https://www.edeka24.de/out/pictures/generated/product/1/540_540_90/kfschweinebraten.jpg
1753,Lebensmittel,Soßen,Fix-Produkte,Knorr Fix für Zucchini-Pfanne Toskana 42G,"1,09 €","25,95 €/kg","inkl. MwSt., zzgl. 4.95 € Versandkosten.",lieferbar innerhalb von 2-5 Werktagen,2023-05-03 00:32:55.488332,Fix für Zucchini-Pfanne Toskana,,"Verantwortliches Lebensmittelunternehmen:
Unilever Deutschland, Postfach 570 237, 22771 Hamburg","Zutatenverzeichnis: 38% Tomatenpulver³, Stärke, Zucker, geräucherter Speck (Schweinefleisch, Speisesalz, Rauch), MOLKENERZEUGNIS, jodiertes Spe isesalz, Maltodextrin, Palmöl, MILCHZUCKER, 2,2% Knoblauch³, WEIZENMEHL, Kräuter (Oregano³, Basilikum³, Rosmarin), Würze, Hefeextrakt, Gewürze (Pfeffer, Kreuzkümmel), Zitronensaftpulver, Speisesalz, Aromen. ³ aus nachhaltigem Anbau Kann Spuren von EI, SOJA, SELLERIE und SENF enthalten.",277,66,"3,4","0,6","6,2","4,2","2,3","0,57",https://www.edeka24.de/Lebensmittel/Sossen/Fix-Produkte/Knorr-Fix-fuer-Zucchini-Pfanne-Toskana-42G.html,https://www.edeka24.de/out/pictures/generated/product/1/540_540_90/knorr_fix_fr_zucchinipfanne_toskana_42_g.jpg
1754,Lebensmittel,Soßen,Fix-Produkte,Knorr Fix Lecker Veggie Ratatouille 40G,"1,09 €","27,25 €/kg","inkl. MwSt., zzgl. 4.95 € Versandkosten.",lieferbar innerhalb von 2-5 Werktagen,2023-05-03 00:32:58.685437,Fix für Ratatouille - Paprikagemüse französische Art,,"Verantwortliches Lebensmittelunternehmen:
Unilever Deutschland, Postfach 570 237, 22771 Hamburg","Zutatenverzeichnis: 25% Tomatenpulver³, Stärke, Zucker, Zwiebeln³, jodiertes Speisesalz, 5,4% Auberginen³, 4% Knoblauch³, Würze, Palmöl, 1,3% Z ucchini³, Kräuter (Oregano³, Basilikum³), Hefeextrakt, Zitronensaftpulver, Pfeffer, Speisesalz, Gewürzextrakte. ³ aus nachhaltigem Anbau Kann Spuren von GLUTEN, MILCH, EI, SOJA, SELLERIE und SENF enthalten.",65,273,"2,6","0,3","8,5","6,9","1,4","0,74",https://www.edeka24.de/Lebensmittel/Sossen/Fix-Produkte/Knorr-Fix-Lecker-Veggie-Ratatouille-40G.html,https://www.edeka24.de/out/pictures/generated/product/1/540_540_90/kfratatouille.jpg
1755,Lebensmittel,Soßen,Fix-Produkte,Knorr Fix Paprika-Rahmschnitzel 43G,"1,09 €","25,35 €/kg","inkl. MwSt., zzgl. 4.95 € Versandkosten.",lieferbar innerhalb von 2-5 Werktagen,2023-05-03 00:33:02.181602,Fix für Paprika-Rahm Schnitzel,,"Verantwortliches Lebensmittelunternehmen:
Unilever Deutschland, Postfach 57 05 50, 22774 Hamburg","Zutatenverzeichnis: Stärke, 9,6% Zwiebeln³, jodiertes Speisesalz, 7,3% Tomatenpulver³, Palmöl, 4,9% Paprika³, Mehl (Reis, WEIZEN), Maltodextrin, Zucker, MILCHEIWEISS, 2,8% SENFSAMEN, Hefeextrakt, Würze, MILCHZUCKER, Kräuter (Petersilie³, Rosmarin), geräucherter Speck (Schweinefleisch, Speisesalz, Rauch), Speisesalz, Champignonsaftkonzentrat³, Knoblauch³, Aromen, Chili, Zitronensaftpulver, Zwiebelsaftkonzentrat³. Kann Spuren von EI, SOJA, andere GLUTENHALTIGE GETREIDE und SELLERIE enthalten. ³ aus nachhaltigem Anbau",129,538,"4,9","2,7","6,1","3,6",15,"0,63",https://www.edeka24.de/Lebensmittel/Sossen/Fix-Produkte/Knorr-Fix-Paprika-Rahmschnitzel-43G.html,https://www.edeka24.de/out/pictures/generated/product/1/540_540_90/knorr_fix_fr_paprikarahmschnitzel_43g.jpg
1756,Lebensmittel,Soßen,Fix-Produkte,Knorr Fix Geschnetzeltes Züricher Art 54G,"1,09 €","20,19 €/kg","inkl. MwSt., zzgl. 4.95 € Versandkosten.",lieferbar innerhalb von 2-5 Werktagen,2023-05-03 00:33:05.598800,Fix für Geschnetzeltes Züricher Art,,"Verantwortliches Lebensmittelunternehmen:
Unilever Deutschland, Postfach 57 05 50, 22774 Hamburg","Zutatenverzeichnis: Stärke, Sonnenblumenöl, Maltodextrin, jodiertes Speisesalz, SAHNEPULVER, MILCHZUCKER, Zucker, Aromen, 3,3% Zwiebeln², 1,9% Champignonsaftkonzentrat, BUTTERMILCHPULVER, MILCHEIWEISS, Hefeextrakt, Weißweinextrakt, Speisesalz, Zitronensaftpulver, Gewürze (Pfeffer, Kurkuma). Kann EI, SELLERIE, SENF, SOJA und GLUTENHALTIGE GETREIDE enthalten. ²aus nachhaltigem Anbau.",521,125,"6,5",1,"3,5",1,13,"0,72",https://www.edeka24.de/Lebensmittel/Sossen/Fix-Produkte/Knorr-Fix-Geschnetzeltes-Zuericher-Art-54G.html,https://www.edeka24.de/out/pictures/generated/product/1/540_540_90/knorrzrichergeschnetzeltes.jpg
1757,Lebensmittel,Soßen,Fix-Produkte,Knorr Fix Nudel-Schinken Gratin 32G,"1,09 €","34,06 €/kg","inkl. MwSt., zzgl. 4.95 € Versandkosten.",lieferbar innerhalb von 2-5 Werktagen,2023-05-03 00:33:09.080499,Fix für Nudel-Schinken Gratin,,"Verantwortliches Lebensmittelunternehmen:
Unilever Deutschland, Postfach 57 05 50, 22774 Hamburg","Zutatenverzeichnis: Maisstärke¹, Kartoffelstärke, Aromen (mit MILCH), Sonnenblumenöl, Hefeextrakt¹, jodiertes Speisesalz, MILCHZUCKER, 1,6% Kräuter¹ (Schnittlauch², Petersilie²), Kochsalzersatz³, MAGERMILCHPULVER¹, Speisesalz, 1,1% Röstzwiebeln¹², 0,7% Knoblauch¹², MILCHEIWEISS, Pfeffer¹, Liebstöckelwurzel¹, Muskatnuss¹, Maltodextrin¹, Zitronensaftpulver¹. Kann EI, SELLERIE, SENF, SOJA, GLUTENHALTIGE GETREIDE enthalten. ¹Natürliche Zutaten sind mit einem Sternchen gekennzeichnet. ²aus nachhaltigem Anbau. ³gewonnen aus natürlichen Kaliummineralien.",612,146,"5,1","1,9",17,"0,9","7,7","0,83",https://www.edeka24.de/Lebensmittel/Sossen/Fix-Produkte/Knorr-Fix-Nudel-Schinken-Gratin-32G.html,https://www.edeka24.de/out/pictures/generated/product/1/540_540_90/knorr_fix_nudelschinken_gratin_32g.jpg
1758,Lebensmittel,Soßen,Fix-Produkte,Maggi Spaghetti Rahm-Spinat 31G,"1,19 €","38,39 €/kg","inkl. MwSt., zzgl. 4.95 € Versandkosten.",lieferbar innerhalb von 2-5 Werktagen,2023-05-03 00:33:12.517397,Fix für Spaghetti mit Rahm-Spinat,,"Verantwortliches Lebensmittelunternehmen:
Maggi GmbH, Julius-Bührer-Straße 8, 78224 Singen","Zutatenverzeichnis: Sonnenblumenöl*, Kartoffelstärke*, WEIZENMEHL*, MILCHZUCKER*, 8,3% Zwiebeln*, Jodsalz (Salz, Kaliumjodat), Knoblauch*, Zucker*, MILCHEIWEISS*, Würze* (aus WEIZEN), Salz*, WEIZENSTÄRKE*, Zitronensaftpulver*, Zitronenextrakt* (mit WEIZEN). Kann SELLERIE, EIER, SENF und SOJA enthalten. *Natürliche Zutaten.",478,122,"3,6","1,6","17,6","1,8","4,5","0,77",https://www.edeka24.de/Lebensmittel/Sossen/Fix-Produkte/Maggi-Spaghetti-Rahm-Spinat-31G.html,https://www.edeka24.de/out/pictures/generated/product/1/540_540_90/maggi_fix_spaghetti_rahm_spinat_31g.jpg
1759,Lebensmittel,Soßen,Fix-Produkte,Maggi Spaghetti Tomate-Mozzarella 40G,"1,19 €","29,75 €/kg","inkl. MwSt., zzgl. 4.95 € Versandkosten.",lieferbar innerhalb von 2-5 Werktagen,2023-05-03 00:33:15.765864,Fix für Spaghetti Tomate-Mozzarella,,"Verantwortliches Lebensmittelunternehmen:
Maggi GmbH, 78221 Singen (Hohentwiel)","Zutatenverzeichnis: 36,6% Tomaten*, WEIZENMEHL*, Sonnenblumenöl*, Jodsalz (Salz, Kaliumjodat), Kartoffelstärke*, Zucker*, 3,3% MOZZARELLA, KÄSE*, Kräuter* (Knoblauch, Petersilie, Oregano, Basilikum), Paprikaöl*, Rosmarinextrakt*, Würze* (aus WEIZEN), natürliches Pfefferaroma*, natürliches Aroma* (mit HAFER, MILCH), Aroma (mit MILCH), MILCHZUCKER*, MILCHEIWEISSERZEUGNIS*, MOLKENERZEUGNIS*, Salz*. Kann SELLERIE, EIER, SENF und SOJA enthalten. *natürliche Zutaten",572,133,"2,9","1,4","22,7","2,3","3,9","0,69",https://www.edeka24.de/Lebensmittel/Sossen/Fix-Produkte/Maggi-Spaghetti-Tomate-Mozzarella-40G.html,https://www.edeka24.de/out/pictures/generated/product/1/540_540_90/maggi_fix_spaghetti_tomate_mozzarella_40g.jpg
1760,Lebensmittel,Soßen,Fix-Produkte,Maggi Blumenkohl-Kartoffel-Gratin 51G,"1,19 €","23,33 €/kg","inkl. MwSt., zzgl. 4.95 € Versandkosten.",lieferbar innerhalb von 2-5 Werktagen,2023-05-03 00:33:20.016443,Fix für Blumenkohl-Kartoffel-Gartin mit Schinken,,"Verantwortliches Lebensmittelunternehmen:
Maggi GmbH, Julius-Bührer-Straße 8, 78224 Singen","Zutatenverzeichnis: Kartoffelstärke, Palmfett, Jodsalz (Salz, Kaliumjodat), WEIZENMEHL, MILCHEIWEISSERZEUGNIS, Gewürze* (Zwiebeln, Pfeffer, Muskatnuss, Kurkuma), MILCHZUCKER, Hefeextrakt, Aromen (mit MILCH), Petersilie, Lauch, SELLERIE, Sonnenblumenöl. Kann EIER, SENF und SOJA enthalten. *Natürliche Zutaten.",302,69,"2,5","1,3","6,9","1,2","4,4","0,86",https://www.edeka24.de/Lebensmittel/Sossen/Fix-Produkte/Maggi-Blumenkohl-Kartoffel-Gratin-51G.html,https://www.edeka24.de/out/pictures/generated/product/1/540_540_90/mafix_blumenkohl_gratin_51g.jpg
1761,Lebensmittel,Soßen,Fix-Produkte,Knorr Fix Indisches Hähnchen Tikka Masala 36G,"1,09 €","30,28 €/kg","inkl. MwSt., zzgl. 4.95 € Versandkosten.",lieferbar innerhalb von 2-5 Werktagen,2023-05-03 00:33:23.405248,Fix/Basis für Hähnchen in Tomaten-Joghurt-Sauce,,"Verantwortliches Lebensmittelunternehmen:
Unilever Deutschland, Postfach 57 05 50, 22774 Hamburg","Zutatenverzeichnis: Stärke, 17% Tomatenpulver², Zucker, jodiertes Speisesalz, Palmöl, Aromen, 3,1% Karotten², Frühlingszwiebeln², Gemüsepaprika², Zwiebeln², Paprika, Knoblauch², Würze, Koriander, Kreuzkümmel, Ingwer, Glukosesirup, Chili, Kräuter (Korianderblätter², Lorbeerblätter²), 0,9% MAGERMILCHJOGHURTPULVER, Maltodextrin, Kardamom, MILCHEIWEISS, Zimt, Speisesalz, Raucharoma, Rote-Bete-Saftpulver, Nelken, Zitronensaftpulver. Kann EI, SELLERIE, SENF, SOJA, GLUTENHALTIGE GETREIDE enthalten. ²aus nachhaltigem Anbau.",495,118,"3,9","0,7",14,"1,7","6,8","0,56",https://www.edeka24.de/Lebensmittel/Sossen/Fix-Produkte/Knorr-Fix-Indisches-Haehnchen-Tikka-Masala-36G.html,https://www.edeka24.de/out/pictures/generated/product/1/540_540_90/knorrtikmas.jpg
1762,Lebensmittel,Soßen,Fix-Produkte,Maggi Käse Spätzle 30G,"1,19 €","39,67 €/kg","inkl. MwSt., zzgl. 4.95 € Versandkosten.",lieferbar innerhalb von 2-5 Werktagen,2023-05-03 00:33:26.895917,Fix für Käse-Spätzle,,"Verantwortliches Lebensmittelunternehmen:
Maggi GmbH, Julius-Bührer-Straße 8, 78224 Singen","Zutatenverzeichnis: 26,3% Röstzwiebeln* (Zwiebeln, Sonnenblumenöl), Sonnenblumenöl*, MILCHZUCKER*, Jodsalz (Salz, Kaliumjodat), 5,3% KÄSE*, Gewürze* (Zwiebelpulver, Knoblauch, Kümmel, Pfeffer, Kurkuma, Muskatnuss), natürliche Aromen*, natürliches KÄSEAROMA mit anderen natürlichen Aromen*, Petersilie*, Würze* (aus WEIZEN), Zitronenextrakt*, Zitronensaftpulver*, MILCHEIWEISSERZEUGNIS*, WEIZENSTÄRKE*, Salz*, Zucker*. Kann SELLERIE, EIER, SENF und SOJA enthalten. *natürliche Zutaten",687,161,"4,8","2,3","21,9","0,9","7,2","0,73",https://www.edeka24.de/Lebensmittel/Sossen/Fix-Produkte/Maggi-Kaese-Spaetzle-30G.html,https://www.edeka24.de/out/pictures/generated/product/1/540_540_90/maggi_fix_kamp228se_spamp228tzle_30g.jpg
1763,Lebensmittel,Soßen,Fix-Produkte,Maggi Bandnudeln mit Lachs 40G,"1,19 €","29,75 €/kg","inkl. MwSt., zzgl. 4.95 € Versandkosten.",lieferbar innerhalb von 2-5 Werktagen,2023-05-03 00:33:31.251379,Fix für Bandnudeln mit Lachs,,"Verantwortliches Lebensmittelunternehmen:
Maggi GmbH, Julius-Bührer-Straße 8, 78224 Singen","Zutatenverzeichnis: Kartoffelstärke*, Sonnenblumenöl*, WEIZENMEHL*, Jodsalz (Salz, Kaliumjodat), Gewürze* (Zwiebeln, Knoblauch, Pfeffer, Kurkuma, Muskatnuss), Zucker*, MILCHZUCKER*, Würze* (aus WEIZEN), Salz*, Petersilie*, 1,6% Zitronensaft*, Weißweinextrakt*, MILCHEIWEISS*, natürliches Zitronenaroma*, natürliche Aromen* (mit MILCH). Kann SELLERIE, EIER, SENF und SOJA enthalten. *natürliche Zutaten.",766,179,"6,8",2,19,"1,7","10,4",1,https://www.edeka24.de/Lebensmittel/Sossen/Fix-Produkte/Maggi-Bandnudeln-mit-Lachs-40G.html,https://www.edeka24.de/out/pictures/generated/product/1/540_540_90/maggi_fix_bandnudeln_mit_lachs_40g.jpg
1764,Lebensmittel,Soßen,Fix-Produkte,Maggi Food Travel Curry Thai Style 65G,"1,19 €","18,31 €/kg","inkl. MwSt., zzgl. 4.95 € Versandkosten.",lieferbar innerhalb von 2-5 Werktagen,2023-05-03 00:33:34.811791,Würzpaste für Hähnchen mit Kokos Sauce,Hinweis zur Aufbewahrung: Trocken lagern und vor Wärme und Licht schützen. Reste im Kühlschrank aufbewahren und spätestens nach 2-3 Tagen verbrauchen.,"Verantwortliches Lebensmittelunternehmen:
Maggi GmbH, 78221 Singen (Hohentwiel)","Zutatenverzeichnis: Kokosnussmilch (hergestellt aus Kokosnussfleisch, Wasser), Wasser, Honig, Gewürze (Zwiebeln, Ingwer, Kurkuma, Jalapeño-Chilis), Zucker, Sonnenblumenöl,Branntweinessig, Meersalz, Knoblauchpüree, Maisstärke, Petersilie, Korianderextrakt, Karamellzuckersirup (Zucker, Wasser), natürliches Aroma. Kann enthalten: SELLERIE.",532,128,"6,3","3,9",6,"4,6","10,7","0,71",https://www.edeka24.de/Lebensmittel/Sossen/Fix-Produkte/Maggi-Food-Travel-Curry-Thai-Style-65G.html,https://www.edeka24.de/out/pictures/generated/product/1/540_540_90/maggi_food_travel_curry_thai_style_65g.jpg
1765,Lebensmittel,Soßen,Fix-Produkte,Knorr Fix Knuspriges Brathähnchen 29G,"1,09 €","37,59 €/kg","inkl. MwSt., zzgl. 4.95 € Versandkosten.",lieferbar innerhalb von 2-5 Werktagen,2023-05-03 00:33:38.358970,Fix für knuspriges Brathähnchen,,"Verantwortliches Lebensmittelunternehmen:
Unilever Deutschland, Postfach 570 237, 22771 Hamburg","Zutatenverzeichnis: Stärke, jodiertes Speisesalz, Paniermehl (WEIZENMEHL, Hefe, Speisesalz), 7% Paprika³, EIKLARPULVER, Zucker, Palmöl, Speisesalz, Karamellzuckersirup, Zitronensaftpulver, EIGELBPULVER, Rosmarin, Maltodextrin, Pfeffer. Kann MILCH, SOJA, SELLERIE, SENF und GLUTENHALTIGE GETREIDE enthalten. ³ aus nachhaltigem Anbau",224,936,17,"3,6","1,9","0,5",15,"0,87",https://www.edeka24.de/Lebensmittel/Sossen/Fix-Produkte/Knorr-Fix-Knuspriges-Brathaehnchen-29G.html,https://www.edeka24.de/out/pictures/generated/product/1/540_540_90/knorr_fix_knuspriges_brathhnchen_29g.jpg
1766,Lebensmittel,Soßen,Fix-Produkte,Knorr Fix für Waldpilz-Rahm Geschnetzeltes 40G,"1,09 €","27,25 €/kg","inkl. MwSt., zzgl. 4.95 € Versandkosten.",lieferbar innerhalb von 2-5 Werktagen,2023-05-03 00:33:42.028189,Fix für Waldpilz-Rahm-Geschnetzeltes,,"Verantwortliches Lebensmittelunternehmen:
Unilever Deutschland, Postfach 570 237, 22771 Hamburg","Zutatenverzeichnis: Stärke, Palmöl, jodiertes Speisesalz, Maltodextrin, 5% Röstzwiebeln³, MILCHZUCKER, Würze, 1,7% Butterpilzpulver, MILCHEIWEISS, Champignonsaftkonzentrat³, Schnittlauch³, Hefeextrakt, Gewürze (Knoblauch³, Kurkuma), Speisesalz, Weißweinextrakt, Zwiebelsaftkonzentrat³, Aromen (mit MILCH), Sonnenblumenöl. Kann Spuren von GLUTEN, EI, SOJA, SELLERIE und SENF enthalten. ³aus nachhaltigem Anbau",446,107,"4,2","2,4","3,2",1,14,"0,72",https://www.edeka24.de/Lebensmittel/Sossen/Fix-Produkte/Knorr-Fix-fuer-Waldpilz-Rahm-Geschnetzeltes-40G.html,https://www.edeka24.de/out/pictures/generated/product/1/540_540_90/knorr_fix_fr_waldpilzrahm_geschnetzeltes_40g.jpg
1767,Lebensmittel,Soßen,Fix-Produkte,Knorr FixHackfleisch Jäger Art 36G,"1,09 €","30,28 €/kg","inkl. MwSt., zzgl. 4.95 € Versandkosten.",lieferbar innerhalb von 2-5 Werktagen,2023-05-03 00:33:45.943370,Fix für Hackfleisch Jäger Art,,"Verantwortliches Lebensmittelunternehmen:
Unilever Deutschland, Postfach 57 05 50, 22774 Hamburg","Zutatenverzeichnis: Mehl (Reis, WEIZEN), Stärke, jodiertes Speisesalz, 8,3% Zwiebeln³, 8,3% Champignons³, Maltodextrin, Tomatenpulver³, Aromen, Zucker, Palmöl, Kochsalzersatz4, Karamellzuckersirup, MOLKENERZEUGNIS, Würze, Champignonsaftkonzentrat³, MILCHZUCKER, Speisesalz, Petersilie³. ³ aus nachhaltigem Anbau 4 gewonnen aus natürlichen Kaliummineralien Kann EI, SOJA, SELLERIE, SENF und GLUTENHALTIGE GETREIDE enthalten.",446,107,"5,5","1,5","3,7","1,2",11,"0,86",https://www.edeka24.de/Lebensmittel/Sossen/Fix-Produkte/Knorr-FixHackfleisch-Jaeger-Art-36G.html,https://www.edeka24.de/out/pictures/generated/product/1/540_540_90/knorr_fix_fr_hackfleisch_jger_art_36g.jpg
1768,Lebensmittel,Soßen,Fix-Produkte,Maggi Gemüse-Pfanne mit Hähnchen 40G,"1,19 €","29,75 €/kg","inkl. MwSt., zzgl. 4.95 € Versandkosten.",lieferbar innerhalb von 2-5 Werktagen,2023-05-03 00:33:49.618401,Fix für Gemüse-Pfanne mit Hähnchen,,"Verantwortliches Lebensmittelunternehmen:
Maggi GmbH, Julius-Bührer-Straße 8, 78224 Singen","Zutatenverzeichnis: Kartoffelstärke*, Sonnenblumenöl*, WEIZENMEHL*, Jodsalz (Salz, Kaliumjodat), Gewürze* (Zwiebeln, Knoblauch, Paprika, Pfeffer, Kurkuma), MOLKENERZEUGNIS , MILCHZUCKER*, 3% Kräuter* (2,5% Petersilie, Schnittlauch), Würze* (aus WEIZEN), Salz*, SELLERIE*, MILCHEIWEISS*, Weißweinextrakt*, Essigextrakt*, natürliches Aroma*. Kann EIER, SENF und SOJA enthalten. *Natürliche Zutaten.",391,93,"3,9","1,2","3,9","2,1","9,9","0,78",https://www.edeka24.de/Lebensmittel/Sossen/Fix-Produkte/Maggi-Gemuese-Pfanne-mit-Haehnchen-40G.html,https://www.edeka24.de/out/pictures/generated/product/1/540_540_90/maggi_fix_gemamp252se_pfanne_mit_hamp228hnchen_40g.jpg
1769,Lebensmittel,Soßen,Fix-Produkte,Maggi Idee für Gratinierte Schweine-Medaillons 42G,"1,19 €","28,33 €/kg","inkl. MwSt., zzgl. 4.95 € Versandkosten.",lieferbar innerhalb von 2-5 Werktagen,2023-05-03 00:33:53.125304,Fix für gratinierte Schweinemedaillons in Champignon-Rahm-Sauce,,"Verantwortliches Lebensmittelunternehmen:
Maggi GmbH, Julius-Bührer-Straße 8, 78224 Singen (Hohentwiel)","Zutatenverzeichnis: Kartoffelstärke*, WEIZENMEHL*, Jodsalz (Salz, Kaliumjodat), Sonnenblumenöl*, Gewürze* (5% Zwiebeln, Knoblauch, Pfeffer, Kurkuma), Zucker*, MILCHEIWEISSERZEUGNIS*, natürliche Aromen* (mit WEIZEN), 1,5% Butterpilze*, Paprika*, Kräuter* (Petersilie, Rosmarin, Thymian), MILCHZUCKER*, MILCHEIWEISS*, Würze* (aus WEIZEN), natürliches Champignonaroma*, Salz*, natürliches Zwiebelaroma mit anderen natürlichen Aromen*, GERSTENMALZEXTRAKT*. Kann SELLERIE, EIER, SENF und SOJA enthalten. *Natürliche Zutaten.",1483,352,"9,7","5,1",58,11,"7,5","16,9",https://www.edeka24.de/Lebensmittel/Sossen/Fix-Produkte/Maggi-Idee-fuer-Gratinierte-Schweine-Medaillons-42G.html,https://www.edeka24.de/out/pictures/generated/product/1/540_540_90/maggi_idee_fr_gratinierte_schweinmedaillons_42g.jpg
1770,Lebensmittel,Soßen,Fix-Produkte,Knorr Fix Lecker Veggie Rahm-Champignons 33G,"1,09 €","33,03 €/kg","inkl. MwSt., zzgl. 4.95 € Versandkosten.",lieferbar innerhalb von 2-5 Werktagen,2023-05-03 00:33:56.510717,-,,"Verantwortliches Lebensmittelunternehmen:
Unilever Deutschland Holding GmbH, Am Strandkai 1 , D-20457 Hamburg","Zutatenverzeichnis: Stärke, Reismehl¹, 17% SAHNEPULVER¹, jodiertes Speisesalz, BUTTERMILCHPULVER¹, Sonnenblumenöl, Hefeextrakt¹, Aromen, Maltodextrin¹, 1,9% Champignonsaftkonzentrat¹, Tomatenpulver¹², MILCHZUCKER, Speisesalz, Maiskeimöl¹, Petersilie¹, MILCHEIWEISS, Zwiebelsaftkonzentrat². Kann EI, SELLERIE, SENF, SOJA, GLUTENHALTIGE GETREIDE enthalten. ¹Natürliche Zutaten sind mit einem Sternchen gekennzeichnet. ²aus nachhaltigem Anbau.",242,58,"3,7","0,8","3,2","0,7","3,1","0,62",https://www.edeka24.de/Lebensmittel/Sossen/Fix-Produkte/Knorr-Fix-Lecker-Veggie-Rahm-Champignons-33G.html,https://www.edeka24.de/out/pictures/generated/product/1/540_540_90/knorr_fix_fr_rahmchampignons_33g.jpg
1771,Lebensmittel,Soßen,Fix-Produkte,Knorr Fix Spitzkohl Pfanne 36G,"1,09 €","30,28 €/kg","inkl. MwSt., zzgl. 4.95 € Versandkosten.",lieferbar innerhalb von 2-5 Werktagen,2023-05-03 00:33:59.788510,Fix für Spitzkohlpfanne,,"Verantwortliches Lebensmittelunternehmen:
Unilever Deutschland, Postfach 57 05 50, 22774 Hamburg","Zutatenverzeichnis: Stärke, Sonnenblumenöl, Maltodextrin, jodiertes Speisesalz, SAHNEPULVER, MILCHZUCKER, Zucker, Aromen, 3,3% Zwiebeln², Champignonsaftpulver, BUTTERMILCHPULVER, MILCHEIWEISS, Hefeextrakt, Weißweinextrakt, Speisesalz, Zitronensaftpulver, Pfeffer, Kurkuma. Kann EI, SELLERIE, SENF, SOJA und GLUTENHALTIGE GETREIDE enthalten. ²aus nachhaltigem Anbau.",383,92,"5,4","1,1","4,2","2,9","6,4","0,39",https://www.edeka24.de/Lebensmittel/Sossen/Fix-Produkte/Knorr-Fix-Spitzkohl-Pfanne-36G.html,https://www.edeka24.de/out/pictures/generated/product/1/540_540_90/kfspitzkohlpfanne.jpg
1772,Lebensmittel,Soßen,Fix-Produkte,Maggi Fix Pasta Funghi 36G,"1,19 €","33,06 €/kg","inkl. MwSt., zzgl. 4.95 € Versandkosten.",lieferbar innerhalb von 2-5 Werktagen,2023-05-03 00:34:03.140882,Fix für Pasta mit Champignonsauce,,"Verantwortliches Lebensmittelunternehmen:
Maggi GmbH, Julius-Bührer-Straße 8, 78224 Singen","Zutatenverzeichnis: Stärke*, WEIZENMEHL*, Gewürze* (Zwiebeln, Knoblauch, Kerbel, Rosmarin, Schnittlauch, Pfeffer, Thymian, Oregano, Kurkuma), Jodsalz (Salz, Kaliumjodat), SAHNEPULVER*, MOLKENERZEUGNIS, Zucker*, natürliche Aromen* (mit WEIZEN, MILCH), Zwiebeln*, Würze* (aus WEIZEN), Salz*, SELLERIEBLÄTTER*, Sonnenblumenöl*. Kann EIER, SENF und SOJA enthalten. *Natürliche Zutaten.",631,147,"6,7","3,3",18,2,4,"0,71",https://www.edeka24.de/Lebensmittel/Sossen/Fix-Produkte/Maggi-Fix-Pasta-Funghi-36G.html,https://www.edeka24.de/out/pictures/generated/product/1/540_540_90/maggi_fix_pasta_funghi_36g.jpg
1773,Lebensmittel,Soßen,Fix-Produkte,Maggi Hackfleisch Käse-Suppe 46G,"1,19 €","25,87 €/kg","inkl. MwSt., zzgl. 4.95 € Versandkosten.",lieferbar innerhalb von 2-5 Werktagen,2023-05-03 00:34:06.681854,Fix für Hackfleisch-Suppe mit Lauch,,"Verantwortliches Lebensmittelunternehmen:
Maggi GmbH, 78221 Singen (Hohentwiel)","Zutatenverzeichnis: Kartoffelstärke*, Sonnenblumenöl*, WEIZENMEHL*, Jodsalz (Salz, Kaliumjodat), MILCHZUCKER*, 3,9% Lauch*, Gewürze* (Zwiebeln, Knoblauch, Pfeffer, Kurkuma), Würze* (aus WEIZEN), Zucker*, Salz, Weißweinextrakt*, MILCHEIWEISSERZEUGNIS*, natürliche Aromen* (mit SENFÖL), Zitronensaft*, Spinat*, natürliches Zitronenaroma*. Kann SELLERIE, EIER, SOJA und SENF enthalten. *natürliche Zutaten.",513,123,9,"4,1","3,8",2,"6,4","0,98",https://www.edeka24.de/Lebensmittel/Sossen/Fix-Produkte/Maggi-Hackfleisch-Kaese-Suppe-46G.html,https://www.edeka24.de/out/pictures/generated/product/1/540_540_90/maggi_idee_fr_hackfleisch_ksesuppe_46_g.jpg
1774,Lebensmittel,Soßen,Fix-Produkte,Knorr Fix Hackfleisch Käse-Suppe 58G,"1,09 €","18,79 €/kg","inkl. MwSt., zzgl. 4.95 € Versandkosten.",lieferbar innerhalb von 2-5 Werktagen,2023-05-03 00:34:10.425657,Fix für Hackfleisch Käse-Suppe mit Lauch,,"Verantwortliches Lebensmittelunternehmen:
Unilever Deutschland, Postfach 57 05 50, 22774 Hamburg","Zutatenverzeichnis: 40% Kartoffeln³, Stärke, 12% Zwiebeln³, pflanzliche Öle (Sonnenblumen, Maiskeim), jodiertes Speisesalz, Maltodextrin, Würze, 2,5% Lauchpulver³, Speisesalz, Aromen, MILCHZUCKER, MILCHEIWEISS, Spinatpulver³, Gewürze (Pfeffer, Kurkuma, Petersilienwurzel³), Weißweinextrakt, Hefeextrakt. Kann GLUTEN, EI, SOJA, SELLERIE und SENF enthalten. ³ aus nachhaltigem Anbau",340,81,"4,1","1,5","4,2","2,1","6,8","0,84",https://www.edeka24.de/Lebensmittel/Sossen/Fix-Produkte/Knorr-Fix-Hackfleisch-Kaese-Suppe-58G.html,https://www.edeka24.de/out/pictures/generated/product/1/540_540_90/knorr_fix_hackfleisch_ksesuppe_58_g.jpg
1775,Lebensmittel,Soßen,Fix-Produkte,Maggi Food Travel Indisches Hähnchen Curry 36G,"1,19 €","33,06 €/kg","inkl. MwSt., zzgl. 4.95 € Versandkosten.",lieferbar innerhalb von 2-5 Werktagen,2023-05-03 00:34:14.295211,Fix für Hähnchen in indisch gewürzter Sauce,,"Verantwortliches Lebensmittelunternehmen:
Maggi GmbH, 78221 Singen (Hohentwiel)","Zutatenverzeichnis: Gewürze (Zwiebelpulver*, Zwiebeln*, Knoblauchpulver*, Kreuzkümmel*, Ingwer*, Chili*, Knoblauch*, Bockshornklee*, Koriander*, Kardamom*, Pfeffer*, Paprika*, Zimt*), Zucker*, Tomaten*, WEIZENMEHL*, Kartoffelstärke*, Meersalz*, Curry (Koriander*, SENFKÖRNER*, Kurkuma*, SELLERIE*, Chili*, Bockshornklee*, Pfeffer*, Liebstöckel*, Paprika*, Kreuzkümmel*, Salz, Lorbeer*, Ingwer*, Kümmel*, Dill*, Knoblauch*, Zwiebeln*), natürliche Aromen*, Sonnenblumenöl*, Korianderblätter*. Kann EIER, MILCH und SOJA enthalten. *natürliche Zutaten",378,89,"0,9","0,2",13,"1,5","6,7","0,41",https://www.edeka24.de/Lebensmittel/Sossen/Fix-Produkte/Maggi-Food-Travel-Indisches-Haehnchen-Curry-36G.html,https://www.edeka24.de/out/pictures/generated/product/1/540_540_90/maggi_indisches_hhnchen_curry_tikka_masala_36_g.jpg
1776,Lebensmittel,Soßen,Fix-Produkte,Maggi Ofen-Spirelli Alla Mamma 43G,"1,19 €","27,67 €/kg","inkl. MwSt., zzgl. 4.95 € Versandkosten.",lieferbar innerhalb von 2-5 Werktagen,2023-05-03 00:34:17.758417,Fix für Nudel-Gratin mit Hackfleisch,,"Verantwortliches Lebensmittelunternehmen:
Maggi GmbH, 78221 Singen (Hohentwiel)","Zutatenverzeichnis: 36,9% Tomaten*, WEIZENMEHL*, Maisstärke*, Gewürze* (Zwiebeln, Knoblauch, Paprika, Pfeffer), Zucker*, Würze* (aus WEIZEN), Jodsalz (Salz, Kaliumjodat), Salz*, Oregano*, natürliche Aromen*. Kann SELLERIE, EIER, MILCH, SENF und SOJA enthalten. *natürliche Zutaten",813,192,"10,4","5,1","15,2",2,"9,4","0,65",https://www.edeka24.de/Lebensmittel/Sossen/Fix-Produkte/Maggi-Ofen-Spirelli-Alla-Mamma-43G.html,https://www.edeka24.de/out/pictures/generated/product/1/540_540_90/maggi_idee_fr_ofenspirelli_alla_mamma_43_g.jpg
1777,Lebensmittel,Soßen,Fix-Produkte,Maggi Rahm Geschnetzeltes 36G,"1,19 €","33,06 €/kg","inkl. MwSt., zzgl. 4.95 € Versandkosten.",lieferbar innerhalb von 2-5 Werktagen,2023-05-03 00:34:21.178838,Fix für Rahmgeschnetzeltes,,"Verantwortliches Lebensmittelunternehmen:
Maggi GmbH, Julius-Bührer-Straße 8, 78224 Singen","Zutatenverzeichnis: Kartoffelstärke*, Sonnenblumenöl*, WEIZENMEHL*, Jodsalz (Salz, Kaliumjodat), MILCHZUCKER*, Würze* (aus WEIZEN), Salz, Gewürze* (Knoblauch, Pfeffer), Zitronensaftpulver*, Lorbeer*, MILCHEIWEISS*, Zucker*, Kurkumaextrakt*, natürliche Aromen* (mit MILCH), natürliches Zwiebelaroma mit anderen natürlichen Aromen*, natürliches Zitronenaroma*. Kann SELLERIE, EIER, SENF and SOJA enthalten. *natürliche Zutaten",437,105,5,"1,8","3,1","0,6","11,7","0,67",https://www.edeka24.de/Lebensmittel/Sossen/Fix-Produkte/Maggi-Rahm-Geschnetzeltes-36G.html,https://www.edeka24.de/out/pictures/generated/product/1/540_540_90/maggi_fix_rahm_geschnetzeltes_36g.jpg
1778,Lebensmittel,Soßen,Fix-Produkte,Maggi Food Travel Pad Thai Nudeln 26G,"1,19 €","45,77 €/kg","inkl. MwSt., zzgl. 4.95 € Versandkosten.",lieferbar innerhalb von 2-5 Werktagen,2023-05-03 00:34:24.755485,Fix für gebratene Nudeln mit Paprika und Ei,,"Verantwortliches Lebensmittelunternehmen:
Maggi GmbH, Julius-Bührer-Straße 8, 78224 Singen","Zutatenverzeichnis: Zucker*, Jodsalz (Salz, Kaliumjodat), Zwiebelpulver*, Zwiebeln*, SOJASAUCENPULVER (SOJABOHNEN*, Salz, WEIZEN*), Aroma (mit SENFÖL), Knoblauch*, Kartoffelstärke*, Sonnenblumenöl*, Würze* (aus WEIZEN), Salz, Chili*, Korianderblätter*, Paprika*, Ingwer*, Kurkuma*. Kann SELLERIE, SENF, EIER und MILCH enthalten. *Natürliche Zutaten",550,127,"1,7","0,3","16,7","4,6","10,6","1,4",https://www.edeka24.de/Lebensmittel/Sossen/Fix-Produkte/Maggi-Food-Travel-Pad-Thai-Nudeln-26G.html,https://www.edeka24.de/out/pictures/generated/product/1/540_540_90/maggi_food_travel_fix_pad_thai_nudeln_26g.jpg
1779,Lebensmittel,Soßen,Fix-Produkte,Maggi Food Travel Curry Indian Style 65G,"1,19 €","18,31 €/kg","inkl. MwSt., zzgl. 4.95 € Versandkosten.",lieferbar innerhalb von 2-5 Werktagen,2023-05-03 00:34:27.984134,Würzpaste für Hähnchen mit Curry Sauce,Hinweis zur Aufbewahrung: Trocken lagern und vor Wärme und Licht schützen. Reste im Kühlschrank aufbewahren und spätestens nach 2-3 Tagen verbrauchen.,"Verantwortliches Lebensmittelunternehmen:
Maggi GmbH, 78221 Singen (Hohentwiel)","Zutatenverzeichnis: Wasser, Tomatenmark, Honig, Sonnenblumenöl, Zucker, Gewürze (Zwiebelpulver, Kurkuma, Ingwer), Branntweinessig, Meersalz, Knoblauchpüree, 4% Curry(Kurkuma, Koriander, Kreuzkümmel, Fenchel, Bockshornklee, Cayennepfeffer, Ingwer, Salz, Zimt, Anis, Kardamom, Knoblauch), Zwiebeln, Jalapeño-Chilis, Korianderblätter,Maisstärke, Korianderextrakt. Kann enthalten: SELLERIE.",677,163,"7,6","4,4","4,9","3,4","17,6","0,88",https://www.edeka24.de/Lebensmittel/Sossen/Fix-Produkte/Maggi-Food-Travel-Curry-Indian-Style-65G.html,https://www.edeka24.de/out/pictures/generated/product/1/540_540_90/maggi_food_travel_curry_indian_style_65g.jpg
1780,Lebensmittel,Soßen,Fix-Produkte,Maggi Seelachs in Kräuter-Sahne 33G,"1,19 €","36,06 €/kg","inkl. MwSt., zzgl. 4.95 € Versandkosten.",lieferbar innerhalb von 2-5 Werktagen,2023-05-03 00:34:31.956682,Fix für Seelachs in Kräuter-Sahne-Sauce,,"Verantwortliches Lebensmittelunternehmen:
Maggi GmbH, 78221 Singen (Hohentwiel)","Zutatenverzeichnis: Stärke*, WEIZENMEHL*, Sonnenblumenöl*, Jodsalz (Salz, Kaliumjodat), Zucker*, Gewürze* (Knoblauch, Pfeffer, Paprika), Würze* (aus WEIZEN), MILCHZUCKER*, Salz*, 2% Kräuter* (Petersilie, Schnittlauch, Kerbel), Spinat*, Zitronensaft*, MILCHEIWEISS*, natürliches Zitronenaroma*. Kann SELLERIE, EIER, SENF und SOJA enthalten. *Natürliche Zutaten.",814,194,"13,9","7,6","4,1","1,5","13,3","0,62",https://www.edeka24.de/Lebensmittel/Sossen/Fix-Produkte/Maggi-Seelachs-in-Kraeuter-Sahne-33G.html,https://www.edeka24.de/out/pictures/generated/product/1/540_540_90/maggi_idee_fr_seelachs_in_krutersahne_33_g.jpg
1781,Lebensmittel,Soßen,Fix-Produkte,Knorr Fix für Bauerntopf mit Hackfleisch 43G,"1,09 €","25,35 €/kg","inkl. MwSt., zzgl. 4.95 € Versandkosten.",lieferbar innerhalb von 2-5 Werktagen,2023-05-03 00:34:34.809619,Fix für Bauerntopf mit Hackfleisch,,"Verantwortliches Lebensmittelunternehmen:
Unilever Deutschland, Postfach 57 05 50, 22774 Hamburg","Zutatenverzeichnis: Stärke, 19% Zwiebeln, 14% Paprika, Aromen, Hefeextrakt, Speisesalz, jodiertes Speisesalz, Maiskeimöl, Zucker, Knoblauch, 1,8% Tomatenpulver, Kräuter (Majoran, Thymian), Kochsalzersatz, Zwiebelsaftkonzentrat, Kümmel, Petersilienwurzel. Kann GLUTENHALTIGE GETREIDE, MILCH, EI, SOJA, SELLERIE und SENF enthalten.",313,75,"2,8","0,6","7,7","2,7","4,3","0,35",https://www.edeka24.de/Lebensmittel/Sossen/Fix-Produkte/Knorr-Fix-fuer-Bauerntopf-mit-Hackfleisch-43G.html,https://www.edeka24.de/out/pictures/generated/product/1/540_540_90/knorrbauerntopfhackfleisch.jpg
1782,Lebensmittel,Soßen,Fix-Produkte,Maggi Food Travel Puten-Wok Geschnetzeltes 37G,"1,19 €","32,16 €/kg","inkl. MwSt., zzgl. 4.95 € Versandkosten.",lieferbar innerhalb von 2-5 Werktagen,2023-05-03 00:34:37.841845,Fix für Puten-Geschnetzeltes mit Gemüse,,"Verantwortliches Lebensmittelunternehmen:
Maggi GmbH, 78221 Singen (Hohentwiel)","Zutatenverzeichnis: Maisstärke*, Zucker*, Gewürze (Paprika*, Ingwer*, Chili*, aKnoblauch*, Zwiebeln*), 8,8% SOJASACUENPULVER (SOJABOHNEN*, Salz, WEIZEN*), Kartoffelstärke*, Jodsalz (Salz, Kaliumjodat), Würze* (aus WEIZEN), Salz, WEIZENMEHL*, Zitronensaft*, Aromen (mit WEIZEN), GERTSENMALZEXTRAKT*, natürliches Zitronengrasaroma*, natürliches Zitronenaroma*, natürliche Aromen*, Sonnenblumenöl*, Essigextrakt*. Kann SELLERIE, EIER, MILCH und SENF enthalten. *Natürliche Zutaten",343,82,"1,3","0,3",7,"4,7","9,2","0,66",https://www.edeka24.de/Lebensmittel/Sossen/Fix-Produkte/Maggi-Food-Travel-Puten-Wok-Geschnetzeltes-37G.html,https://www.edeka24.de/out/pictures/generated/product/1/540_540_90/maggi_putenwok_geschnetzeltes_37_g.jpg
1783,Lebensmittel,Soßen,Fix-Produkte,Knorr Fix Paprika-Gulasch 48G,"1,09 €","22,71 €/kg","inkl. MwSt., zzgl. 4.95 € Versandkosten.",lieferbar innerhalb von 2-5 Werktagen,2023-05-03 00:34:41.200794,-,,"Verantwortliches Lebensmittelunternehmen:
Unilever Deutschland, Postfach 570 237, 22771 Hamburg","Zutatenverzeichnis: 26% Zwiebeln², Mehl (WEIZEN, Reis), 14% Paprika, Stärke, jodiertes Speisesalz, Zucker, Würze, Aromen, Maiskeimöl, Kümmel, Knoblauch², Kräuter (Majoran, Lorbeerblätter²), Hefeextrakt, Pfeffer, Zitronensaftpulver, Cayennepfeffer, Speisesalz. Kann EI, MILCH, SELLERIE, SENF, SOJA, andere GLUTENHALTIGE GETREIDE enthalten. ²aus nachhaltigem Anbau.",556,133,8,"2,3","5,3","3,4","9,6","0,55",https://www.edeka24.de/Lebensmittel/Sossen/Fix-Produkte/Knorr-Fix-Paprika-Gulasch-48G.html,https://www.edeka24.de/out/pictures/generated/product/1/540_540_90/knorr_fix_paprikagulasch_48g.jpg
1784,Lebensmittel,Soßen,Fix-Produkte,Maggi Idee für Puten-Nudelauflauf mit Paprika 39G,"1,19 €","30,51 €/kg","inkl. MwSt., zzgl. 4.95 € Versandkosten.",lieferbar innerhalb von 2-5 Werktagen,2023-05-03 00:34:44.551045,Fix für Nudel-Auflauf mit Putengeschnetzeltem und Paprika,,"Verantwortliches Lebensmittelunternehmen:
Maggi GmbH, 78221 Singen (Hohentwiel)","Zutatenverzeichnis: Kartoffelstärke, Jodsalz, WEIZENMEHL, Gewürze (5,4 % Zwiebeln, 2 % Paprika, Pfeffer, Chili, Kurkuma), Zucker, Aromen, Palmfett, Emulgator Lecithine, Tomaten, Hefeextrakt, Rosmarin, Sonnenblumenöl, MILCHWEIWEISS, MILCHZUCKER, Maltodextrin, Säuerungsmittel Citronensäure. Kann SELLERIE, EIER, SENF und SOJA enthalten.",1389,330,"9,5","3,7","53,8",12,"5,7","18,3",https://www.edeka24.de/Lebensmittel/Sossen/Fix-Produkte/Maggi-Idee-fuer-Puten-Nudelauflauf-mit-Paprika-39G.html,https://www.edeka24.de/out/pictures/generated/product/1/540_540_90/maggi_idee_fr_putennudelauflauf_mit_paprika_39_g.jpg
1785,Lebensmittel,Soßen,Fix-Produkte,Knorr Fix Hackbällchen Toskana 39G,"1,09 €","27,95 €/kg","inkl. MwSt., zzgl. 4.95 € Versandkosten.",lieferbar innerhalb von 2-5 Werktagen,2023-05-03 00:34:47.483654,Fix für Hackbällchen Toskana,,"Verantwortliches Lebensmittelunternehmen:
Unilever Deutschland, Postfach 57 05 50, 22774 Hamburg","Zutatenverzeichnis: 46% Tomatenpulver³, Stärke, MAGERMILCHPULVER, Zucker, jodiertes Speisesalz, Röstzwiebeln³, Würze, 1,4% Basilikum³, SAHNEPULVER, Kochsalzersatz4, Maiskeimöl, Knoblauch³. Kann GLUTEN, EI, SOJA, SELLERIE und SENF enthalten. ³ aus nachhaltigem Anbau 4 gewonnen aus natürlichen Kaliummineralien",583,139,"6,6","3,3","4,5","2,6",15,"0,8",https://www.edeka24.de/Lebensmittel/Sossen/Fix-Produkte/Knorr-Fix-Hackbaellchen-Toskana-39G.html,https://www.edeka24.de/out/pictures/generated/product/1/540_540_90/knorr_fix_hackbllchen_toskana_39g.jpg
1786,Lebensmittel,Soßen,Fix-Produkte,Maggi Food Travel Köttbullar 34G,"1,19 €","35,00 €/kg","inkl. MwSt., zzgl. 4.95 € Versandkosten.",lieferbar innerhalb von 2-5 Werktagen,2023-05-03 00:34:50.566837,Fix für schwedische Hackbällchen,,"Verantwortliches Lebensmittelunternehmen:
Maggi GmbH, 78221 Singen (Hohentwiel)","Zutatenverzeichnis: WEIZENMEHL*, MILCHZUCKER*, TROCKENMILCHERZEUGNIS*, Sonnenblumenöl*, Kartoffelstärke*, Jodsalz (Salz, Kaliumjodat), Zucker*, Karamellzucker*, Aromen (mit WEIZEN, MILCH), Würze* (aus WEIZEN), Apfelpulver*, MILCHEIWEISS*, Knoblauch*, Pfeffer*, natürliches Aroma*, Salz. Kann SELLERIE, EIER, SENF und SOJA enthalten. *natürliche Zutaten",752,178,"13,2",5,"3,6",2,"11,7","0,91",https://www.edeka24.de/Lebensmittel/Sossen/Fix-Produkte/Maggi-Food-Travel-Koettbullar-34G.html,https://www.edeka24.de/out/pictures/generated/product/1/540_540_90/maggi_kttbullar_34_g.jpg
1787,Lebensmittel,Soßen,Fix-Produkte,Knorr Fix für Kräuter-Rahmschnitzel 47G,"1,09 €","23,19 €/kg","inkl. MwSt., zzgl. 4.95 € Versandkosten.",lieferbar innerhalb von 2-5 Werktagen,2023-05-03 00:34:54.510795,Fix für Kräuter-Rahm Schnitzel,,"Verantwortliches Lebensmittelunternehmen:
Unilever Deutschland, Postfach 570 237, 22771 Hamburg","Zutatenverzeichnis: Palmöl, Stärke, Reismehl, jodiertes Speisesalz, MILCHZUCKER, MILCHEIWEISS, Zucker, Aromen, Kochsalzersatz4, Würze, Speisesalz, 1 ,7% Kräuter (Schnittlauch³, Kerbel³, Petersilie³), Karamellzuckersirup, Maltodextrin, Weißweinextrakt, Zitronensaftpulver. ³ aus nachhaltigem Anbau 4 gewonnen aus natürlichen Kaliummineralien Kann Spuren von GLUTEN, EI, SOJA, SELLERIE und SENF enthalten.",127,531,"5,8","2,4",3,"0,8",16,"0,51",https://www.edeka24.de/Lebensmittel/Sossen/Fix-Produkte/Knorr-Fix-fuer-Kraeuter-Rahmschnitzel-47G.html,https://www.edeka24.de/out/pictures/generated/product/1/540_540_90/kfkruterrahmschnitzel.jpg
1788,Lebensmittel,Soßen,Fix-Produkte,Knorr Fix für Hack-Reis Topf 49G,"1,09 €","22,24 €/kg","inkl. MwSt., zzgl. 4.95 € Versandkosten.",lieferbar innerhalb von 2-5 Werktagen,2023-05-03 00:34:58.457607,-,,"Verantwortliches Lebensmittelunternehmen:
Unilever Deutschland Holding GmbH, Am Strandkai 1 , D-20457 Hamburg","Zutatenverzeichnis: 36% Tomatenpulver****, 13% jodiertes Meersalz², Stärke, Zucker, Palmöl, Kochsalzersatz*****, 4% Zwiebeln****, Aromen, Paprika, Knoblauch, Petersilie, Würze, Speisesalz, Thymian, Cayennepfeffer, Pfeffer, Rote-Bete-Pulver, Hefeextrakt, Rosmarin, Curcuma. ² 90 % Meersalz im zugesetzten Salz **** aus nachhaltig angebauter Rohware ***** gewonnen aus natürlichen Kaliummineralien Kann Spuren von GLUTEN, MILCH, EI, SELLERIE und SENF enthalten.",585,140,"6,3","2,2",13,"3,4","7,4","0,75",https://www.edeka24.de/Lebensmittel/Sossen/Fix-Produkte/Knorr-Fix-fuer-Hack-Reis-Topf-49G.html,https://www.edeka24.de/out/pictures/generated/product/1/540_540_90/kfhackreistopf.jpg
1789,Lebensmittel,Soßen,Fix-Produkte,Maggi Gemüsepfanne mit Hackfleisch 37G,"1,19 €","32,16 €/kg","inkl. MwSt., zzgl. 4.95 € Versandkosten.",lieferbar innerhalb von 2-5 Werktagen,2023-05-03 00:35:03.288569,Fix für Gemüse-Pfanne mit Hackfleisch,,"Verantwortliches Lebensmittelunternehmen:
Maggi GmbH, 78221 Singen (Hohentwiel)","Zutatenverzeichnis: Kartoffelstärke*, Sonnenblumenöl*, Jodsalz (Salz, Kaliumjodat), WEIZENMEHL*, KÄSE, MILCHZUCKER*, Würze* (aus WEIZEN), Salz*, natürliche Aromen* (mit WEIZEN), MILCHEIWEISS*, Gewürze* (Pfeffer, Kurkuma), Petersilie*, Zwiebeln*, MOLKENERZEUGNIS, Säuerungsmittel Citronensäure*. Kann EIER, SENF, SELLERIE und SOJA enthalten. *Natürliche Zutaten.",1532,366,"17,9","9,7","38,1",6,"11,8","22,1",https://www.edeka24.de/Lebensmittel/Sossen/Fix-Produkte/Maggi-Gemuesepfanne-mit-Hackfleisch-37G.html,https://www.edeka24.de/out/pictures/generated/product/1/540_540_90/maggi_idee_fr_gemsepfanne_mit_hackfleisch_37_g.jpg
1790,Lebensmittel,Soßen,Fix-Produkte,Knorr Fix Hackfleisch Schafskäse-Auflauf 43G,"1,09 €","25,35 €/kg","inkl. MwSt., zzgl. 4.95 € Versandkosten.",lieferbar innerhalb von 2-5 Werktagen,2023-05-03 00:35:08.280467,Fix für Hackfleisch Schafskäse-Auflauf,,"Verantwortliches Lebensmittelunternehmen:
Unilever Deutschland, Postfach 57 05 50, 22774 Hamburg","Zutatenverzeichnis: Stärke, Palmöl, Schmelzkäse (KÄSE, MOLKENERZEUGNIS), 12% Zwiebeln, MILCHZUCKER, jodiertes Speisesalz, Speisesalz, MILCHEIWEISS, 1,6% Petersilie, Kochsalzersatz**, Würze, Zucker, Hefeextrakt, Knoblauch, Aromen. Kann GLUTEN, EI, SOJA, SELLERIE und SENF enthalten.",582,139,"7,9","3,1","6,7",1,10,"0,77",https://www.edeka24.de/Lebensmittel/Sossen/Fix-Produkte/Knorr-Fix-Hackfleisch-Schafskaese-Auflauf-43G.html,https://www.edeka24.de/out/pictures/generated/product/1/540_540_90/knorr_fix_fr_hackfleisch_schafskseauflauf_43g.jpg
1791,Lebensmittel,Soßen,Fix-Produkte,Knorr Lecker Veggie Gemüse-Gnocchi Pfanne 28G,"1,09 €","38,93 €/kg","inkl. MwSt., zzgl. 4.95 € Versandkosten.",lieferbar innerhalb von 2-5 Werktagen,2023-05-03 00:35:12.896818,Lust auf was Neues am Familientisch? Gnocchi begeistert Groß und Klein und harmoniert perfekt mit buntem Gemüse. Mit den KNORR Fix Produkten begeisterst du Familie und Freunde. Mit der beliebten Würzbasis gelingen leckere und abwechslungsreiche Gerichte garantiert.,,"Verantwortliches Lebensmittelunternehmen:
Unilever Deutschland, Postfach 57 05 50, 22774 Hamburg","Zutatenverzeichnis: Maisstärke¹, Kartoffelstärke, Aromen (mit MILCH), Sonnenblumenöl, Hefeextrakt¹, jodiertes Speisesalz, MILCHZUCKER, 1,6% Kräuter¹ (Schnittlauch², Petersilie²), Kochsalzersatz³, MAGERMILCHPULVER¹, 1,5% Gewürze¹ (Knoblauch², Pfeffer, Liebstöckelwurzel, Muskatnuss), Speisesalz, Röstzwiebeln¹², MILCHEIWEISS, Maltodextrin¹, Zitronensaftpulver¹. Kann EI, SELLERIE, SENF, SOJA, GLUTENHALTIGE GETREIDE enthalten. ¹Natürliche Zutaten sind mit einem Sternchen gekennzeichnet. ²aus nachhaltigem Anbau. ³gewonnen aus natürlichen Kaliummineralien.",426,102,"3,4","0,9",14,"2,7","2,9","0,41",https://www.edeka24.de/Lebensmittel/Sossen/Fix-Produkte/Knorr-Lecker-Veggie-Gemuese-Gnocchi-Pfanne-28G.html,https://www.edeka24.de/out/pictures/generated/product/1/540_540_90/knorr_familienfix_gemegnocchi_pfanne_28g.jpg
1792,Lebensmittel,Soßen,Fix-Produkte,Knorr Fix Jägerschnitzel 47G,"1,09 €","23,19 €/kg","inkl. MwSt., zzgl. 4.95 € Versandkosten.",lieferbar innerhalb von 2-5 Werktagen,2023-05-03 00:35:16.339544,Fix für Jäger-Schnitzel,,"Verantwortliches Lebensmittelunternehmen:
Unilever Deutschland, Postfach 57 05 50, 22774 Hamburg","Zutatenverzeichnis: Palmöl, Stärke, WEIZENMEHL, Maltodextrin, 4,1% Zwiebeln³, MILCHZUCKER, jodiertes Speisesalz, Aromen, geräucherter Speck (Schweinefleisch, Speisesalz, Rauch), MILCHEIWEISS, Karamellzuckersirup, Zucker, Würze, Kochsalzersatz4, Paprika³, Speisesalz, Petersilie³, Kurkuma, Pfeffer, Weißweinextrakt, Knoblauch³, Hefeextrakt. Kann Spuren von EI, SOJA, SELLERIE, andere GLUTENHALTIGE GETREIDE und SENF enthalten. 4 gewonnen aus natürlichen Kaliummineralien",113,470,"5,7","1,6","2,7","0,6",13,"0,41",https://www.edeka24.de/Lebensmittel/Sossen/Fix-Produkte/Knorr-Fix-Jaegerschnitzel-47G.html,https://www.edeka24.de/out/pictures/generated/product/1/540_540_90/knorr_fix_fr_jgerschnitzel_47g.jpg
1793,Lebensmittel,Soßen,Fix-Produkte,Maggi Pasta Calabrese 37G,"1,19 €","32,16 €/kg","inkl. MwSt., zzgl. 4.95 € Versandkosten.",lieferbar innerhalb von 2-5 Werktagen,2023-05-03 00:35:19.906131,Fix für Pasta mit Paprikasauce,,"Verantwortliches Lebensmittelunternehmen:
Maggi GmbH, Julius-Bührer-Straße 8, 78224 Singen","Zutatenverzeichnis: Kartoffelstärke*, WEIZENMEHL*, Gewürze* (7,6% Paprika, Zwiebeln, Petersilie, Chili, Pfeffer, Knoblauch), Sonnenblumenöl*, Tomaten*, Jodsalz (Salz, Kaliumjodat), Zucker*, MILCHZUCKER*, Würze* (aus WEIZEN), Salz*, natives Olivenöl extra*, MILCHEIWEISS*, Zitronensaft*, Weißweinextrakt*, natürliches Zitronenaroma*, natürliches Aroma* (mit WEIZEN), natürliches Basilikumaroma*. Kann SELLERIE, EIER, SENF und SOJA enthalten. *Natürliche Zutaten.",524,121,"2,8","0,7","19,3","2,9","4,4","0,61",https://www.edeka24.de/Lebensmittel/Sossen/Fix-Produkte/Maggi-Pasta-Calabrese-37G.html,https://www.edeka24.de/out/pictures/generated/product/1/540_540_90/maggipcala.jpg
1794,Lebensmittel,Soßen,Fix-Produkte,Knorr Fix Lasagne Unsere Beste! 53G,"1,09 €","20,57 €/kg","inkl. MwSt., zzgl. 4.95 € Versandkosten.",lieferbar innerhalb von 2-5 Werktagen,2023-05-03 00:35:23.273068,Fix für Lasagne Unsere Beste!,,"Verantwortliches Lebensmittelunternehmen:
Unilever Deutschland, Postfach 57 05 50, 22774 Hamburg","Zutatenverzeichnis: Palmöl, 17% Tomatenpulver³, Schmelzkäse (KÄSE, MOLKENERZEUGNIS), Stärke, Zucker, jodiertes Speisesalz, WEIZENMEHL, Zwiebeln³, Glukosesirup, MOLKENERZEUGNIS, Maltodextrin, Würze, MILCHEIWEISS, Kräuter (Oregano³, Petersilie³, Basilikum³), Gewürze (Knoblauch³, Pfeffer), MILCHZUCKER, Rote-Bete-Pulver, Aromen (mit MILCH). Kann EI, SOJA, SELLERIE und SENF enthalten. ³ aus nachhaltigem Anbau",479,114,"5,4","2,4","9,2","1,7",7,"0,65",https://www.edeka24.de/Lebensmittel/Sossen/Fix-Produkte/Knorr-Fix-Lasagne-Unsere-Beste-53G.html,https://www.edeka24.de/out/pictures/generated/product/1/540_540_90/knorr_fix_fr_lasagne_unsere_beste_53g.jpg
1795,Lebensmittel,Soßen,Fix-Produkte,Maggi Fix Jäger Sahne Schnitzel 27G,"1,19 €","44,07 €/kg","inkl. MwSt., zzgl. 4.95 € Versandkosten.",lieferbar innerhalb von 2-5 Werktagen,2023-05-03 00:35:26.773305,Fix für Jäger-Sahne-Schnitzel,,"Verantwortliches Lebensmittelunternehmen:
Maggi GmbH, 78221 Singen (Hohentwiel)","Zutatenverzeichnis: Maisstärke*, Reismehl*, Champignonextrakt*, Jodsalz (Salz, Kaliumjodat), MILCHZUCKER*, Zwiebeln*, natürliche Aromen*, Würze* (aus WEIZEN), Butterpilze*, Salz, Kräuter* (Petersilie, Thymian, Rosmarin), Pfeffer*, Sonnenblumenöl*, natürliches Zwiebelaroma mit anderen natürlichen Aromen*, Liebstöckelextrakt*, Paprikaextrakt*, GERTSENMALZEXTRAKT*, natürliches Knoblaucharoma*, natürliches SELLERIEAROMA*. Kann EIER, SENF, SOJA und MILCH enthalten. *natürliche Zutaten.",694,166,"10,9","5,9","3,1","1,3","13,6","0,51",https://www.edeka24.de/Lebensmittel/Sossen/Fix-Produkte/Maggi-Fix-Jaeger-Sahne-Schnitzel-27G.html,https://www.edeka24.de/out/pictures/generated/product/1/540_540_90/maggi_fix_jamp228ger_sahne_schnitzel_27g.jpg
1796,Lebensmittel,Soßen,Fix-Produkte,Knorr Fix Lachs-Sahne Gratin 28G,"1,09 €","38,93 €/kg","inkl. MwSt., zzgl. 4.95 € Versandkosten.",lieferbar innerhalb von 2-5 Werktagen,2023-05-03 00:35:30.477138,Fix für Lachs-Sahne Gratin,,"Verantwortliches Lebensmittelunternehmen:
Unilever Deutschland, Postfach 57 05 50, 22774 Hamburg","Zutatenverzeichnis: Palmöl, Stärke, Maltodextrin, jodiertes Speisesalz, MILCHZUCKER, MILCHEIWEISS, Hefeextrakt, 1,4% Kräuter³ (Petersilie, Dill ), Weißweinextrakt, KABELJAUPULVER, Würze, Zucker, Knoblauch³, Kurkuma, Speisesalz, Zitronensaftpulver, Aromen (mit MILCH). Kann Spuren von GLUTEN, EI, SOJA, SELLERIE, SENF, GLUTENHALTIGE GETREIDE, WEICHTIEREN enthalten. ³ aus nachhaltigem Anbau",951,227,17,"7,3","5,3","2,4",14,"0,73",https://www.edeka24.de/Lebensmittel/Sossen/Fix-Produkte/Knorr-Fix-Lachs-Sahne-Gratin-28G.html,https://www.edeka24.de/out/pictures/generated/product/1/540_540_90/knorr_fix_fr_lachssahne_gratin_28g.jpg
1797,Lebensmittel,Soßen,Fix-Produkte,Knorr Fix Würstchen Gulasch 44G,"1,09 €","24,77 €/kg","inkl. MwSt., zzgl. 4.95 € Versandkosten.",lieferbar innerhalb von 2-5 Werktagen,2023-05-03 00:35:34.384760,Fix für Würstchen Gulasch,,"Verantwortliches Lebensmittelunternehmen:
Unilever Deutschland, Postfach 570550, 22774 Hamburg","Zutatenverzeichnis: Reismehl, Stärke, 13% Tomatenpulver³, Sonnenblumenöl, 11% Gemüsepaprika³, Aromen, 4,5% Paprika³, jodiertes Speisesalz, 3,5% Zwiebeln³, Champignons³, MILCHZUCKER, Maiskeimöl, Röstzwiebeln³, Petersilie³, Zucker, Hefeextrakt, Würze, MILCHEIWEISS, Cayennepfeffer, Muskatnuss. Kann GLUTENHALTIGE GETREIDE, EI, SOJA, SELLERIE und SENF enthalten. ³aus nachhaltigem Anbau.",675,161,14,"3,9",4,"1,5","5,6",1,https://www.edeka24.de/Lebensmittel/Sossen/Fix-Produkte/Knorr-Fix-Wuerstchen-Gulasch-44G.html,https://www.edeka24.de/out/pictures/generated/product/1/540_540_90/kfwrstchengulasch.jpg
1798,Lebensmittel,Soßen,Fix-Produkte,Maggi Pfeffer-Rahm Geschnetzeltes 27G,"1,19 €","44,07 €/kg","inkl. MwSt., zzgl. 4.95 € Versandkosten.",lieferbar innerhalb von 2-5 Werktagen,2023-05-03 00:35:37.976463,Fix für Pfeffer-Rahm-Geschnetzeltes,,"Verantwortliches Lebensmittelunternehmen:
Maggi GmbH, Julius-Bührer-Straße 8, 78224 Singen","Zutatenverzeichnis: WEIZENMEHL*, Gewürze* (5,5% schwarzer Pfeffer, 5% grüner Pfeffer, Zwiebeln, Paprika, weißer Pfeffer), Jodsalz (Salz, Kaliumjodat), Sonnenblumenöl*, Würze* (aus WEIZEN), Salz*, GERSTENMALZEXTRAKT*, Petersilie*, Tomaten*, Paprikaöl*, natürliches Pfefferaroma*, natürliches Aroma*, MILCHZUCKER*, MILCHEIWEISSERZEUGNIS*. Kann SELLERIE, EIER, SENF und SOJA enthalten. *natürliche Zutaten.",538,129,"8,2","3,8","3,2","1,1","10,4","0,7",https://www.edeka24.de/Lebensmittel/Sossen/Fix-Produkte/Maggi-Pfeffer-Rahm-Geschnetzeltes-27G.html,https://www.edeka24.de/out/pictures/generated/product/1/540_540_90/maggi_fix_pfeffer_rahm_geschnetzeltes_27g.jpg
1799,Lebensmittel,Soßen,Fix-Produkte,Maggi Sauerbraten 50G,"1,19 €","23,80 €/kg","inkl. MwSt., zzgl. 4.95 € Versandkosten.",lieferbar innerhalb von 2-5 Werktagen,2023-05-03 00:35:41.535553,Fix für Sauerbraten,,"Verantwortliches Lebensmittelunternehmen:
Maggi GmbH, 78221 Singen (Hohentwiel)","Zutatenverzeichnis: WEIZENMEHL*, Zucker*, Kartoffelstärke*, Jodsalz (Salz, Kaliumjodat), Gewürze* (4,3% Zwiebeln, Paprika, Knoblauch, Piment, Pfeffer), Essigextrakt*, Würze* (aus WEIZEN), Tomaten*, Salz*, Sonnenblumenöl*, Kräuter* (Lorbeerblätter, Thymian), SELLERIE*, natürliches Nelkenaroma*, GERTSENMALZEXTRAKT*, Aromen (mit WEIZEN), Säuerungsmittel Citronensäure*. Kann EIER, MILCH, SENF und SOJA enthalten. *natürliche Zutaten.",327,1385,"2,1","0,3","66,7","23,6","7,2",10,https://www.edeka24.de/Lebensmittel/Sossen/Fix-Produkte/Maggi-Sauerbraten-50G.html,https://www.edeka24.de/out/pictures/generated/product/1/540_540_90/maggi_idee_fr_sauerbraten_50_g.jpg
1800,Lebensmittel,Soßen,Fix-Produkte,Maggi Fix Spaghetti Bolognese 100% natürliche Zutaten 36G,"1,19 €","33,06 €/kg","inkl. MwSt., zzgl. 4.95 € Versandkosten.",lieferbar innerhalb von 2-5 Werktagen,2023-05-03 00:35:45.172662,Fix für Spaghetti Bolognese,,"Verantwortliches Lebensmittelunternehmen:
Maggi GmbH, Julius-Bührer-Str. 8, 78221 Singen (Hohentwiel)","Zutatenverzeichnis: 66,4 % Tomaten, Meersalz, Gewürze (Zwiebeln, Knoblauch, Pfeffer, Paprika), Zucker, 2,5% Kräuter (Oregano, Petersilie, Rosmarin, Thymian, Lorbeer), Karotten, Sonnenblumenöl. Kann GLUTENHALTIGES GETREIDE, SELLERIE, EIER, MILCH, SENF und SOJA enthalten.",151,646,5,"1,6","19,6","2,2","6,9","0,67",https://www.edeka24.de/Lebensmittel/Sossen/Fix-Produkte/Maggi-Fix-Spaghetti-Bolognese-100-natuerliche-Zutaten-36G.html,https://www.edeka24.de/out/pictures/generated/product/1/540_540_90/maggi_fix_spaghetti_bolognese_100_natrliche_zutaten_36g.jpg
1801,Lebensmittel,Soßen,Fix-Produkte,Knorr Fix Sauerbraten 37G,"1,09 €","29,46 €/kg","inkl. MwSt., zzgl. 4.95 € Versandkosten.",lieferbar innerhalb von 2-5 Werktagen,2023-05-03 00:35:48.449890,Fix für Sauerbraten,,"Verantwortliches Lebensmittelunternehmen:
Unilever Deutschland, Postfach 57 05 50, 22774 Hamburg","Zutatenverzeichnis: Stärke, jodiertes Speisesalz, Zucker, Aromen, 5,3% Tomatenpulver², 5,1% SELLERIE², WEIZENMEHL, Speisesalz, Palmöl, Hefeextrakt, Säuerungsmittel Citronensäure, MOLKENERZEUGNIS, Zwiebelsaftkonzentrat², Maltodextrin, 1,7% Paprika², Würze, MILCHZUCKER, Knoblauch², Lorbeerblätter, Nelken, Pfeffer, Sonnenblumenöl, Petersilienwurzel². Kann EI, SENF, SOJA, andere GLUTENHALTIGE GETREIDE enthalten. ²aus nachhaltigem Anbau.",409,98,"4,3","1,3","2,2","0,9",12,"1,1",https://www.edeka24.de/Lebensmittel/Sossen/Fix-Produkte/Knorr-Fix-Sauerbraten-37G.html,https://www.edeka24.de/out/pictures/generated/product/1/540_540_90/knorr_fix_fr_sauerbraten_37g.jpg
1802,Lebensmittel,Soßen,Fix-Produkte,Maggi Spaghetti Napoli 42G,"1,19 €","28,33 €/kg","inkl. MwSt., zzgl. 4.95 € Versandkosten.",lieferbar innerhalb von 2-5 Werktagen,2023-05-03 00:35:51.980947,Fix für Spaghetti Napoli,,"Verantwortliches Lebensmittelunternehmen:
Maggi GmbH, 78221 Singen (Hohentwiel)","Zutatenverzeichnis: 39,4 % Tomaten*, Erbsenstärke*, Kartoffelstärke*, Zucker*, Jodsalz (Salz, Kaliumjodat), Gewürze* (Zwiebeln, Knoblauch, Pfeffer), Kräuter* (Petersilie, Oregano, Basilikum, Majoran, Thymian), Sonnenblumenöl*, Salz*, Würze* (aus WEIZEN), Aromen, Säuerungsmittel Citronensäure*. Kann MILCH, EIER, SELLERIE, SENF und SOJA enthalten. *natürliche Zutaten",339,1436,"2,3","0,3","69,4","31,8",6,"6,6",https://www.edeka24.de/Lebensmittel/Sossen/Fix-Produkte/Maggi-Spaghetti-Napoli-42G.html,https://www.edeka24.de/out/pictures/generated/product/1/540_540_90/maggi_idee_fr_spaghetti_napoli_42_g.jpg
1803,Lebensmittel,Soßen,Fix-Produkte,Maggi Fix Nudel Schinken Gratin 33G,"1,19 €","36,06 €/kg","inkl. MwSt., zzgl. 4.95 € Versandkosten.",lieferbar innerhalb von 2-5 Werktagen,2023-05-03 00:35:55.087413,Fix für Nudel-Schinken-Gratin,,"Verantwortliches Lebensmittelunternehmen:
Maggi GmbH, 78221 Singen (Hohentwiel)","Zutatenverzeichnis: Kartoffelstärke*, Reismehl*, WEIZENMEHL*, MAGERMILCHPULVER*, Gewürze* (7,9% Zwiebeln, Muskatnuss, Knoblauch, Pfeffer), Sonnenblumenöl*, Jodsalz (Salz, Kaliumjodat), 4% Zwiebelstücke*, geräucherter Speck* (Speck, Salz, Rauch), Würze* (aus WEIZEN), Lauch*, Schnittlauch*, Lorbeerblätter*, MILCHZUCKER*, MILCHEIWEISSERZEUGNIS*, Paprikaextrakt*, Salz*, natürliches Aroma*. Kann SELLERIE, EIER, SENF und SOJA enthalten *natürliche Zutaten",708,167,"7,9","4,3",16,"1,8",8,"0,78",https://www.edeka24.de/Lebensmittel/Sossen/Fix-Produkte/Maggi-Fix-Nudel-Schinken-Gratin-33G.html,https://www.edeka24.de/out/pictures/generated/product/1/540_540_90/maggi_fix_nudel_schinken_gratin_33g.jpg
1804,Lebensmittel,Soßen,Fix-Produkte,Maggi Paprika-Rahm Schnitzel 35G,"1,19 €","34,00 €/kg","inkl. MwSt., zzgl. 4.95 € Versandkosten.",lieferbar innerhalb von 2-5 Werktagen,2023-05-03 00:35:58.680794,-,,"Verantwortliches Lebensmittelunternehmen:
Maggi GmbH, Julius-Bührer-Straße 8, 78224 Singen","Zutatenverzeichnis: Stärke*, Gewürze* (10% Zwiebeln, 7,7% Paprika, Knoblauch, Chili), Tomaten*, Jodsalz (Salz, Kaliumjodat), natürliche Aromen* (mit WEIZEN), geräucherter Speck* (Speck, Salz, Rauch), Kräuter* (Petersilie, Kerbel, Oregano, Thymian, Lorbeerblätter), Paprikaöl*, Würze* (aus WEIZEN), Salz*, Sonnenblumenöl*, Zucker*, Zitronensaftkonzentrat*, natürliches Zwiebelaroma mit anderen natürlichen Aromen*, natürliches Zitronenaroma*. Kann SELLERIE, EIER, MILCH, SENF und SOJA enthalten. *Natürliche Zutaten.",568,134,"6,1","3,1","5,4","3,2","13,9","0,6",https://www.edeka24.de/Lebensmittel/Sossen/Fix-Produkte/Maggi-Paprika-Rahm-Schnitzel-35G-oxid.html,https://www.edeka24.de/out/pictures/generated/product/1/540_540_90/maggi_fix_paprika_rahm_schnitzel_35g.jpg
1805,Lebensmittel,Soßen,Fix-Produkte,Maggi Sommernudeln mit buntem Gemüse 38G,"1,19 €","31,32 €/kg","inkl. MwSt., zzgl. 4.95 € Versandkosten.",lieferbar innerhalb von 2-5 Werktagen,2023-05-03 00:36:03.211805,Fix für Nudeln mit Gemüse in cremiger Sauce,,"Verantwortliches Lebensmittelunternehmen:
Maggi GmbH, Julius-Bührer-Straße 8, 78224 Singen","Zutatenverzeichnis: Kartoffelstärke, Gewürze (Zwiebeln, Bockshornklee, 2 % Paprika, Knoblauch, Kurkuma, Pfeffer), Meersalz, MAGERMILCHPULVER, SAHNEPULVER, WEIZENMEHL, KÄSEPULVER, Kräuter (Schnittlauch, Liebstöckelblätter), Zucker, Sonnenblumenöl, Säuerungsmittel Citronensäure. Kann SELLERIE, EIER, SENF und SOJA enthalten.",498,115,"3,3","1,8","17,9","3,1","3,2","0,64",https://www.edeka24.de/Lebensmittel/Sossen/Fix-Produkte/Maggi-Sommernudeln-mit-buntem-Gemuese-38G.html,https://www.edeka24.de/out/pictures/generated/product/1/540_540_90/maggi_fix_sommernudeln_mit_buntem_gemamp252se_38g.jpg
1806,Lebensmittel,Soßen,Fix-Produkte,Knorr Fix Pfeffer-Rahm-Medaillons 35G,"1,09 €","31,14 €/kg","inkl. MwSt., zzgl. 4.95 € Versandkosten.",lieferbar innerhalb von 2-5 Werktagen,2023-05-03 00:36:06.659434,Fix für Pfeffer-Rahm Medaillons,,"Verantwortliches Lebensmittelunternehmen:
Unilever Deutschland, Postfach 57 05 50, 22774 Hamburg","Zutatenverzeichnis: Palmöl, WEIZENMEHL, Stärke, Maltodextrin, MILCHZUCKER, Aromen, Zucker, jodiertes Speisesalz, Paprika, MILCHEIWEISS, Würze, Speisasalz, 1,5% grüner Pfeffer, 1,5% Zwiebeln, Hefeextrakt, Petersilie, Knoblauch, Pfeffer, Weissweinextrakt, Zwiebelsaftkonzentrat, Zitronensaftpulver, Kurkuma, Sonnenblumenöl. Kann EI, SELLERIE, SENF, SOJA, andere GLUTENHALTIGE GETREIDE enthalten.",760,182,"9,1","3,7","3,2","1,1",22,"0,68",https://www.edeka24.de/Lebensmittel/Sossen/Fix-Produkte/Knorr-Fix-Pfeffer-Rahm-Medaillons-35G.html,https://www.edeka24.de/out/pictures/generated/product/1/540_540_90/knorrpfefferrahmmedaillons.jpg
1807,Lebensmittel,Soßen,Fix-Produkte,Maggi Zwiebel-Sahne Hähnchen 26G,"1,19 €","45,77 €/kg","inkl. MwSt., zzgl. 4.95 € Versandkosten.",lieferbar innerhalb von 2-5 Werktagen,2023-05-03 00:36:10.202557,Fix für Zwiebel-Sahne-Hähnchen,,"Verantwortliches Lebensmittelunternehmen:
Maggi GmbH, 78221 Singen (Hohentwiel)","Zutatenverzeichnis: 50,7 % Zwiebeln*, Stärke*, Jodsalz (Salz, Kaliumjodat), Gewürze* (Knoblauch, Pfeffer, Koriander, Kurkuma), natürliches Zwiebelaroma mit anderen natürlichen Aromen* (mit GERSTE), Sonnenblumenöl*, Aromen (mit WEIZEN), Würze* (aus WEIZEN), Kräuter* (Petersilie, Thymian, Lorbeer), Salz. Kann SELLERIE, EIER, MILCH, SENF und SOJA enthalten. *natürliche Zutaten.",771,184,"12,1",7,"3,5","1,8","15,3","0,67",https://www.edeka24.de/Lebensmittel/Sossen/Fix-Produkte/Maggi-Zwiebel-Sahne-Haehnchen-26G.html,https://www.edeka24.de/out/pictures/generated/product/1/540_540_90/maggi_idee_fr_zwiebelsahne_hhnchen_26_g.jpg
1808,Lebensmittel,Soßen,Fix-Produkte,Maggi Paprika-Hack Pfanne 42G,"1,19 €","28,33 €/kg","inkl. MwSt., zzgl. 4.95 € Versandkosten.",lieferbar innerhalb von 2-5 Werktagen,2023-05-03 00:36:13.707163,Fix für Paprika-Hackfleisch-Pfanne,,"Verantwortliches Lebensmittelunternehmen:
Maggi GmbH, Julius-Bührer-Straße 8, 78224 Singen","Zutatenverzeichnis: Gewürze* (Zwiebeln, 9,3% Paprika, Knoblauch, Koriander, Pfeffer, Kreuzkümmel, Chili), WEIZENMEHL*, Maisstärke*, Jodsalz (Salz, Kaliumjodat), Tomaten*, natürliche Aromen* (mit WEIZEN), SELLERIE*, Kräuter* (Thymian, Petersilie, Lorbeerblätter), Würze* (aus WEIZEN), GERSTENMALZEXTRAKT, Sonnenblumenöl*, Salz*, Paprikaöl*, Zitronensaft*, natürliches Zitronenaroma*, Zucker*. Kann EIER, MILCH, SENF und SOJA enthalten. *Natürliche Zutaten.",129,540,"8,1","2,9","4,3","2,6","8,9","0,61",https://www.edeka24.de/Lebensmittel/Sossen/Fix-Produkte/Maggi-Paprika-Hack-Pfanne-42G.html,https://www.edeka24.de/out/pictures/generated/product/1/540_540_90/maggi_fix_paprika_hack_pfanne_42g.jpg
1809,Lebensmittel,Soßen,Fix-Produkte,Maggi Carbonara Nudel-Auflauf 37G,"1,19 €","32,16 €/kg","inkl. MwSt., zzgl. 4.95 € Versandkosten.",lieferbar innerhalb von 2-5 Werktagen,2023-05-03 00:36:17.245358,Fix für Nudel-Auflauf mit Schinken,,"Verantwortliches Lebensmittelunternehmen:
Maggi GmbH, Julius-Bührer-Straße 8, 78224 Singen","Zutatenverzeichnis: Kartoffelstärke*, WEIZENMEHL*, Gewürze* (Zwiebeln, Knoblauch, Pfeffer, Petersilie), Jodsalz (Salz, Kaliumjodat), KÄSE, natürliche Aromen* (mit WEIZEN), 3,6% geräucherter Speck* (Speck, Salz, Rauch), MILCHZUCKER*, EIGELBPULVER*, Würze* (aus WEIZEN), Salz*, MOLKENERZEUGNIS*, Zitronensaft*, Zucker*, Sonnenblumenöl*, natürliches Zitronenaroma*. Kann SELLERIE, SENF und SOJA enthalten. *Natürliche Zutaten.",671,180,"6,3","3,4",24,2,"7,2","0,83",https://www.edeka24.de/Lebensmittel/Sossen/Fix-Produkte/Maggi-Carbonara-Nudel-Auflauf-37G.html,https://www.edeka24.de/out/pictures/generated/product/1/540_540_90/maggi_fix_carbonara_nudel_auflauf_37g.jpg
1810,Lebensmittel,Soßen,Fix-Produkte,Knorr Fix Nudel-Broccoli Auflauf 46G,"1,09 €","23,70 €/kg","inkl. MwSt., zzgl. 4.95 € Versandkosten.",lieferbar innerhalb von 2-5 Werktagen,2023-05-03 00:36:20.609972,Fix für Nudel-Broccoli Auflauf,,"Verantwortliches Lebensmittelunternehmen:
Unilever Deutschland, Postfach 57 05 50, 22774 Hamburg","Zutatenverzeichnis: Stärke, Palmöl, 18% Zwiebeln³, Schmelzkäse (KÄSE, MOLKENERZEUGNIS), Reismehl, Speisesalz, jodiertes Speisesalz, MILCHZUCKER, MILCHEIWEISS, Würze, Hefeextrakt, Aromen, Kurkuma. Kann GLUTEN, EI, SOJA, SELLERIE und SENF enthalten. ³ aus nachhaltigem Anbau",456,109,"3,9","1,8",13,"1,6",5,"0,56",https://www.edeka24.de/Lebensmittel/Sossen/Fix-Produkte/Knorr-Fix-Nudel-Broccoli-Auflauf-46G.html,https://www.edeka24.de/out/pictures/generated/product/1/540_540_90/knorr_fix_nudelbroccoli_auflauf_46g.jpg
1811,Lebensmittel,Soßen,Fix-Produkte,Knorr Fix für Wikingertopf mit Hackbällchen 30G,"1,09 €","36,33 €/kg","inkl. MwSt., zzgl. 4.95 € Versandkosten.",lieferbar innerhalb von 2-5 Werktagen,2023-05-03 00:36:23.974258,Fix für Wikingertopf mit Hackbällchen,,"Verantwortliches Lebensmittelunternehmen:
Unilever Deutschland, Postfach 57 05 50, 22774 Hamburg","Zutatenverzeichnis: Palmöl, Stärke, Schmelzkäsepulver (KÄSE, MOLKENERZEUGNIS), jodiertes Speisesalz, MILCHZUCKER, Aromen (mit MILCH), MILCHEIWEISS, Würze, Speisesalz, Hefeextrakt, Gewürze (Knoblauch³, Pfeffer), 0,8% Kräuter (Bärlauch, Petersilie³, Thymian³), Zucker, Zitronensaftpulver. Kann Spuren von GLUTEN, EI, SOJA, SELLERIE und SENF enthalten. ³ aus nachhaltigem Anbau",439,105,"3,1","1,1",13,"1,6",6,"0,33",https://www.edeka24.de/Lebensmittel/Sossen/Fix-Produkte/Knorr-Fix-fuer-Wikingertopf-mit-Hackbaellchen-30G.html,https://www.edeka24.de/out/pictures/generated/product/1/540_540_90/knorr_fix_fr_wikingertopf_mit_hackbllchen_30g.jpg
1812,Lebensmittel,Soßen,Fix-Produkte,Maggi Tomaten-Käse Makkaroni 39G,"1,19 €","30,51 €/kg","inkl. MwSt., zzgl. 4.95 € Versandkosten.",lieferbar innerhalb von 2-5 Werktagen,2023-05-03 00:36:27.259613,Fix für Makkaroni-Auflauf mit Tomaten und Käse,,"Verantwortliches Lebensmittelunternehmen:
Maggi GmbH, 78221 Singen (Hohentwiel)","Zutatenverzeichnis: WEIZENMEHL*, Gewürze* (10% Zwiebeln, Knoblauch, Paprika, Pfeffer), Zucker*, Jodsalz (Salz, Kaliumjodat), 7% KÄSE, natürliche Aromen* (mit WEIZEN, MILCH), Würze* (aus WEIZEN), SELLERIE*, 3,1% Kräuter* (Majoran, Oregano, Basilikum, Rosmarin, Lorbeerblätter), Salz*, Sonnenblumenöl*, natürliches Basilikumaroma*, MOLKENERZEUGNIS. Kann EIER, SENF und SOJA enthalten. *Natürliche Zutaten.",584,136,"5,1","2,8","16,3",3,6,"0,91",https://www.edeka24.de/Lebensmittel/Sossen/Fix-Produkte/Maggi-Tomaten-Kaese-Makkaroni-39G.html,https://www.edeka24.de/out/pictures/generated/product/1/540_540_90/maggi_idee_fr_tomatenkse_makkaroni_39_g.jpg
1813,Lebensmittel,Soßen,Fix-Produkte,Maggi Ofen-Tortelloni Alla Panna 36G,"1,19 €","33,06 €/kg","inkl. MwSt., zzgl. 4.95 € Versandkosten.",lieferbar innerhalb von 2-5 Werktagen,2023-05-03 00:36:31.073981,Fix für Ofen-Tortelloni mit Schinken und Sahne,,"Verantwortliches Lebensmittelunternehmen:
Maggi GmbH, Julius-Bührer-Straße 8, 78224 Singen (Hohentwiel)","Zutatenverzeichnis: Maisstärke*, WEIZENMEHL*, Sonnenblumenöl*, Jodsalz (Salz, Kaliumjodat), Gewürze* (Zwiebeln, Knoblauch, Pfeffer, Kurkuma, Muskatnuss), MILCHZUCKER*, Würze* (aus WEIZEN), natürliche Aromen* (mit MILCH), Salz*, KÄSE*, MILCHEIWEISS*, Petersilie*, Schnittlauch*, natürliches Zwiebelaroma mit anderen natürlichen Aromen*. Kann SELLERIE, EIER, SENF und SOJA enthalten. *natürliche Zutaten",439,1836,"22,8","2,9","48,6","2,8","8,3","10,1",https://www.edeka24.de/Lebensmittel/Sossen/Fix-Produkte/Maggi-Ofen-Tortelloni-Alla-Panna-36G.html,https://www.edeka24.de/out/pictures/generated/product/1/540_540_90/maggi_idee_fr_ofentortelloni_alla_panna_36_g.jpg
1814,Lebensmittel,Soßen,Fix-Produkte,Knorr Fix Hackbraten 70G,"1,09 €","15,57 €/kg","inkl. MwSt., zzgl. 4.95 € Versandkosten.",lieferbar innerhalb von 2-5 Werktagen,2023-05-03 00:36:35.695007,-,,"Verantwortliches Lebensmittelunternehmen:
Unilever Deutschland, Postfach 57 05 50, 22774 Hamburg","Zutatenverzeichnis: Paniermehl (WEIZENMEHL¹, Hefe¹, Speisesalz), 23% Zwiebeln¹², jodiertes Speisesalz, Maiskeimöl¹, Paprika¹, Petersilie¹², Kochsalzersatz³, Bockshornklee-Extrakt¹, Pfeffer¹, Muskatnuss¹. Kann EI, MILCH, SELLERIE, SENF, SOJA, andere GLUTENHALTIGE GETREIDE enthalten. ¹Natürliche Zutaten sind mit einem Sternchen gekennzeichnet. ²aus nachhaltigem Anbau. ³gewonnen aus natürlichen Kaliummineralien.",755,180,"8,6","2,7","7,1","1,3",18,"1,1",https://www.edeka24.de/Lebensmittel/Sossen/Fix-Produkte/Knorr-Fix-Hackbraten-70G.html,https://www.edeka24.de/out/pictures/generated/product/1/540_540_90/knorr_fix_hackbraten_70g.jpg
1815,Lebensmittel,Soßen,Fix-Produkte,Knorr Fix für Nudel-Schinken-Gratin 28G,"1,09 €","38,93 €/kg","inkl. MwSt., zzgl. 4.95 € Versandkosten.",lieferbar innerhalb von 2-5 Werktagen,2023-05-03 00:36:39.086075,Fix für Nudel-Schinken Gratin,,"Verantwortliches Lebensmittelunternehmen:
Unilever Deutschland, Postfach 570 237, 22771 Hamburg","Zutatenverzeichnis: Stärke, Reismehl, Aromen, Sonnenblumenöl, Würze, jodiertes Speisesalz, Hefeextrakt, MILCHZUCKER, 1,7% Schnittlauch³, Gewürze (Knoblauch³, Pfeffer, Liebstöckelwurzel³, Muskatnuss), Maiskeimöl, Röstzwiebeln³, Kochsalzersatz4, MILCHEIWEISS, Speisesalz, Ma ltodextrin, Zitronensaftpulver. ³ aus nachhaltigem Anbau 4 gewonnen aus natürlichen Kaliummineralien Kann Spuren von GLUTEN, EI, SOJA, SELLERIE und SENF enthalten.",511,122,"4,3","1,6",14,"0,8","6,4","0,66",https://www.edeka24.de/Lebensmittel/Sossen/Fix-Produkte/Knorr-Fix-fuer-Nudel-Schinken-Gratin-28G.html,https://www.edeka24.de/out/pictures/generated/product/1/540_540_90/knofixnuschigra.jpg
1816,Lebensmittel,Soßen,Fix-Produkte,Knorr Fix Lachs auf Blattspinat 28G,"1,09 €","38,93 €/kg","inkl. MwSt., zzgl. 4.95 € Versandkosten.",lieferbar innerhalb von 2-5 Werktagen,2023-05-03 00:36:42.679583,Fix für Lachs auf Blattspinat,,"Verantwortliches Lebensmittelunternehmen:
Unilever Deutschland, Postfach 57 05 50, 22774 Hamburg","Zutatenverzeichnis: Stärke, Palmöl, Maltodextrin, jodiertes Speisesalz, MILCHZUCKER, Zucker, MILCHEIWEISS, Würze, Hefeextrakt, Weißweinextrakt, Speisesalz, KABELJAUPULVER, Gewürze (Knoblauch³, Kurkuma), Zitronensaftpulver, Aromen (mit MILCH). Kann Spuren von GLUTEN, EI, SOJA, SELLERIE, SENF und GLUTENHALTIGE GETREIDE enthalten. ³aus nachhaltigem Anbau",582,139,"9,7",3,"3,8","1,2","9,1","0,48",https://www.edeka24.de/Lebensmittel/Sossen/Fix-Produkte/Knorr-Fix-Lachs-auf-Blattspinat-28G.html,https://www.edeka24.de/out/pictures/generated/product/1/540_540_90/knorr_fix_fr_lachs_auf_blattspinat_28_g(1).jpg
1817,Lebensmittel,Soßen,Fix-Produkte,Maggi Broccoli Gratin 36G,"1,19 €","33,06 €/kg","inkl. MwSt., zzgl. 4.95 € Versandkosten.",lieferbar innerhalb von 2-5 Werktagen,2023-05-03 00:36:46.577653,Fix für Broccoli-Gratin,,"Verantwortliches Lebensmittelunternehmen:
Maggi GmbH, Julius-Bührer-Straße 8, 78224 Singen","Zutatenverzeichnis: Kartoffelstärke*, Sonnenblumenöl*, WEIZENMEHL*, MILCHZUCKER*, Jodsalz (Salz, Kaliumjodat), Gewürze* (4,2% Zwiebeln, Knoblauch, Kurkuma, Pfeffer, Muskatnuss), Würze* (aus WEIZEN), Salz*, MILCHEIWEISS*, Lorbeerblätter*, natürliche Aromen* (mit MILCH), natürliches Zwiebelaroma mit anderen natürlichen Aromen*. Kann SELLERIE, EIER, SENF und SOJA enthalten. *natürliche Zutaten",444,103,7,"3,4","4,9","2,1","4,9","0,62",https://www.edeka24.de/Lebensmittel/Sossen/Fix-Produkte/Maggi-Broccoli-Gratin-36G.html,https://www.edeka24.de/out/pictures/generated/product/1/540_540_90/maggi_fix_broccoli_gratin_36g.jpg
1818,Lebensmittel,Soßen,Fix-Produkte,Knorr Fix Lecker Veggie Broccoli Gratin 49G,"1,09 €","22,24 €/kg","inkl. MwSt., zzgl. 4.95 € Versandkosten.",lieferbar innerhalb von 2-5 Werktagen,2023-05-03 00:36:50.315137,Fix für Broccoli Gratin,,"Verantwortliches Lebensmittelunternehmen:
Unilever Deutschland, Postfach 57 05 50, 22774 Hamburg","Zutatenverzeichnis: Stärke, pflanzliche Öle (Sonnenblumen, Maiskeim), WEIZENMEHL, MILCHZUCKER, 5,3% Blumenkohlpulver, Speisesalz, jodiertes Speisesalz, 2,6% Zwiebeln, Gewürze (Knoblauch, Muskatnuss, Pfeffer, Kurkuma, Petersilienwurzel), Kochsalzersatz, MILCHEIWEISS, Zucker, Würze, Aromen, Hefeextrakt. Kann EI, SELLERIE, SENF, SOJA, andere GLUTENHALTIGE GETREIDE enthalten.",293,70,"3,2",1,"5,6","2,2","4,6","0,65",https://www.edeka24.de/Lebensmittel/Sossen/Fix-Produkte/Knorr-Fix-Lecker-Veggie-Broccoli-Gratin-49G.html,https://www.edeka24.de/out/pictures/generated/product/1/540_540_90/knorr_fix_broccoli_gratin_49g(1).jpg
1819,Lebensmittel,Soßen,Fix-Produkte,Knorr Fix China Pfanne Chop Suey 36G,"1,09 €","30,28 €/kg","inkl. MwSt., zzgl. 4.95 € Versandkosten.",lieferbar innerhalb von 2-5 Werktagen,2023-05-03 00:36:54.181299,Fix/Basis für China-Pfanne mit Hähnchen und Gemüse,,"Verantwortliches Lebensmittelunternehmen:
Unilever Deutschland, Postfach 57 05 50, 22774 Hamburg","Zutatenverzeichnis: Stärke, 15% Sojasaucenpulver (Sojasauce (SOJABOHNEN, WEIZEN), Speisesalz, Maltodextrin), 15% Karotten², Aromen, Gemüsepaprika², jodiertes Speisesalz, KNOLLENSELLERIE², 2,2% Curry (Kurkuma, Chili, Ingwer, Kreuzkümmel, Pfeffer, Koriander, Lorbeerblätter, Liebstöckel), Hefeextrakt, Ingwer, Paprika, Bambussprossen, Lauch², Maiskeimöl, Speisesalz, Maltodextrin, Zitronensaftpulver. Kann EI, MILCH, SENF, andere GLUTENHALTIGE GETREIDE enthalten. ² aus nachhaltigem Anbau.",467,112,"2,9","0,3",13,"1,6","7,6","0,48",https://www.edeka24.de/Lebensmittel/Sossen/Fix-Produkte/Knorr-Fix-China-Pfanne-Chop-Suey-36G.html,https://www.edeka24.de/out/pictures/generated/product/1/540_540_90/knorr_fix_china_pfanne_36g.jpg
1820,Lebensmittel,Soßen,Fix-Produkte,Maggi Fix Chili Con Carne 33G,"1,19 €","36,06 €/kg","inkl. MwSt., zzgl. 4.95 € Versandkosten.",lieferbar innerhalb von 2-5 Werktagen,2023-05-03 00:36:57.604397,Fix für Chili con Carne,,"Verantwortliches Lebensmittelunternehmen:
Maggi GmbH, 78221 Singen (Hohentwiel)","Zutatenverzeichnis: Tomaten*, Gewürze* (6,8% Paprika, Pfeffer, Chili, Knoblauch, Kreuzkümmel, Ingwer), Kartoffelstärke*, Jodsalz (Salz, Kaliumjodat), Zucker*, Würze* (aus WEIZEN), Kräuter* (2,2% Petersilie, Salbei, Bohnenkraut, Oregano, Thymian, Lorbeerblätter), geräucherter Speck* (Speck, Salz, Rauch), Salz*, natürliche Aromen*, Zwiebeln*, Paprikaextrakt*, natürliches Zwiebelaroma mit anderen natürlichen Aromen*, Sonnenblumenöl*, Raucharoma. Kann SELLERIE, EIER, MILCH, SENF und SOJA enthalten *natürliche Zutaten",559,133,"7,5","2,4","6,3","1,6","8,8","0,78",https://www.edeka24.de/Lebensmittel/Sossen/Fix-Produkte/Maggi-Fix-Chili-Con-Carne-33G.html,https://www.edeka24.de/out/pictures/generated/product/1/540_540_90/maggi_fix_chili_con_carne_33g.jpg
1821,Lebensmittel,Soßen,Fix-Produkte,Maggi Champignon-Rahm Hähnchen 36G,"1,19 €","33,06 €/kg","inkl. MwSt., zzgl. 4.95 € Versandkosten.",lieferbar innerhalb von 2-5 Werktagen,2023-05-03 00:37:00.826147,-,,"Verantwortliches Lebensmittelunternehmen:
Maggi GmbH, Julius-Bührer-Straße 8, 78224 Singen (Hohentwiel)","Zutatenverzeichnis: WEIZENMEHL*, Gewürze* (Zwiebeln, Paprika, Knoblauch, Pfeffer), Kartoffelstärke*, Jodsalz (Salz, Kaliumjodat), Reismehl*, MILCHEIWEISSERZEUGNIS*, Butterpilze*, natürliches Champignonaroma*, Zucker*, Würze* (aus WEIZEN), Kräuter* (Schnittlauch, Petersilie, Rosmarin, Thymian), Salz*, Sonnenblumenöl*. Kann SELLERIE, EIER, SENF und SOJA enthalten. *Natürliche Zutaten.",476,114,"5,6",3,"3,1","1,3","12,2","0,61",https://www.edeka24.de/Lebensmittel/Sossen/Fix-Produkte/Maggi-Champignon-Rahm-Haehnchen-36G.html,https://www.edeka24.de/out/pictures/generated/product/1/540_540_90/maggi_idee_fr_champignonrahm_hhnchen_36_g.jpg
1822,Lebensmittel,Soßen,Fix-Produkte,Knorr Natürlich Lecker Chili Con Carne 47G,"1,19 €","25,32 €/kg","inkl. MwSt., zzgl. 4.95 € Versandkosten.",lieferbar innerhalb von 2-5 Werktagen,2023-05-03 00:37:04.358478,Fix für Chili Con Carne,,"Verantwortliches Lebensmittelunternehmen:
Unilever Deutschland, Postfach 570 237, 22771 Hamburg","Zutatenverzeichnis: 41% Tomaten² (Pulver, Stücke), 14% Zwiebeln², WEIZENMEHL, Paprika, Meersalz, 4,3% Knoblauchpulver², Maiskeimöl, Koriander, Sonnenblumenöl, Kreuzkümmel, Chili, Pfeffer, Kartoffelstärke, Lorbeerblätter. Kann andere GLUTENHALTIGE GETREIDE, MILCH, EI, SOJA, SELLERIE und SENF enthalten. ² aus nachhaltigem Anbau.",452,108,4,1,"7,5","1,4","8,6","0,69",https://www.edeka24.de/Lebensmittel/Sossen/Fix-Produkte/Knorr-Natuerlich-Lecker-Chili-Con-Carne-47G.html,https://www.edeka24.de/out/pictures/generated/product/1/540_540_90/knorrnatzutccc.jpg
1823,Lebensmittel,Soßen,Fix-Produkte,Knorr Fix Schmorbraten 41G,"1,09 €","26,59 €/kg","inkl. MwSt., zzgl. 4.95 € Versandkosten.",lieferbar innerhalb von 2-5 Werktagen,2023-05-03 00:37:07.953837,Fix für Schmorbraten,,"Verantwortliches Lebensmittelunternehmen:
Unilever Deutschland, Postfach 57 05 50, 22774 Hamburg","Zutatenverzeichnis: Mehl (WEIZEN, Reis), Stärke, Aromen, jodiertes Speisesalz, 5,6% Tomatenpulver³, Palmöl, 4,4% Röstzwiebeln³, Karamellzuckersirup, Zucker, Würze, Hefeextrakt, KNOLLENSELLERIE³, Maltodextrin, 1,7% Paprika³, Apfelpulver³, Knoblauch³, Speisesalz, Muskatnuss, Kräuter (Lorbeerblätter, Thymian³), Pfeffer, Rotweinextrakt. Kann MILCH, EI, SOJA und SENF enthalten. ³ aus nachhaltigem Anbau.",500,119,"5,2","1,6","3,6","0,7",15,"0,69",https://www.edeka24.de/Lebensmittel/Sossen/Fix-Produkte/Knorr-Fix-Schmorbraten-41G.html,https://www.edeka24.de/out/pictures/generated/product/1/540_540_90/knorr_fix_fr_schmorbraten_41g.jpg
1824,Lebensmittel,Soßen,Fix-Produkte,Maggi Bauern-Topf mit Hackfleisch 39G,"1,09 €","27,95 €/kg","inkl. MwSt., zzgl. 4.95 € Versandkosten.",lieferbar innerhalb von 2-5 Werktagen,2023-05-03 00:37:11.395039,"Mit Maggi Fix für Bauern-Topf mit Hackfleisch lassen sich herzhafte Hackfleisch-Gerichte schnell und einfach zubereiten. Besonders geschmacksintensiv wird der Bauern-Topf durch seine kräftige Zwiebel- und Specknote. Einfach lecker!
  Würzige Kartoffel Rezepte mit Hackfleisch passen immer.",,"Verantwortliches Lebensmittelunternehmen:
Maggi GmbH, 78221 Singen","Zutatenverzeichnis: Gewürze* (Paprikapulver, 10,3 % Zwiebeln, Knoblauch, Pfeffer, Chili), Kartoffelstärke*, WEIZENMEHL*, Jodsalz (Salz, Kaliumjodat), 4,6% geräucherter Speck* (Speck, Salz, Rauch), natürliche Aromen*, Kräuter* (Petersilie, Thymian, Majoran, Lorbeerblätter), Würze* (aus WEIZEN), Paprika*, Zitronensaftpulver*, Zitronenextrakt*, Sonnenblumenöl*, GERSTENMALZEXTRAKT*, Salz, WEIZENSTÄRKE*, Zucker*. Kann EIER, MILCH, SELLERIE, SENF und SOJA enthalten. *natürliche Zutaten.",1373,326,"7,6","2,6",51,"7,7","9,9","15,9",https://www.edeka24.de/Lebensmittel/Sossen/Fix-Produkte/Maggi-Bauern-Topf-mit-Hackfleisch-39G.html,https://www.edeka24.de/out/pictures/generated/product/1/540_540_90/maggi_idee_fr_bauerntopf_mit_hackfleisch_39_g.jpg
1825,Lebensmittel,Soßen,Fix-Produkte,Maggi Paprika Sahne Hähnchen 31G,"1,19 €","38,39 €/kg","inkl. MwSt., zzgl. 4.95 € Versandkosten.",lieferbar innerhalb von 2-5 Werktagen,2023-05-03 00:37:14.282912,Fix für Paprika-Sahne-Hähnchen,,"Verantwortliches Lebensmittelunternehmen:
Maggi GmbH, 78221 Singen (Hohentwiel)","Zutatenverzeichnis: Stärke*, Gewürze* (17,6% Paprikapulver, Knoblauch, Chili, Pfeffer), 12,6% Zwiebeln*, Jodsalz (Salz, Kaliumjodat), 6% Paprika*, geräucherter Speck* (Speck, Salz, Rauch), Sonnenblumenöl*, Würze* (aus WEIZEN), Salz*, Paprikaöl*. Kann SELLERIE, EIER, MILCH, SENF und SOJA enthalten. *Natürliche Zutaten.",1461,347,"8,6","2,1","56,2","7,8","7,1","11,6",https://www.edeka24.de/Lebensmittel/Sossen/Fix-Produkte/Maggi-Paprika-Sahne-Haehnchen-31G.html,https://www.edeka24.de/out/pictures/generated/product/1/540_540_90/maggi_fix_paprika_sahne_hhnchen_31g.jpg
1826,Lebensmittel,Soßen,Fix-Produkte,Maggi Zwiebel-Rahm Schnitzel 33G,"1,19 €","36,06 €/kg","inkl. MwSt., zzgl. 4.95 € Versandkosten.",lieferbar innerhalb von 2-5 Werktagen,2023-05-03 00:37:17.861711,Fix für Zwiebel-Rahm-Schnitzel,,"Verantwortliches Lebensmittelunternehmen:
Maggi GmbH, Julius-Bührer-Straße 8, 78224 Singen","Zutatenverzeichnis: Zwiebeln*, Kartoffelstärke*, 12% Röstzwiebeln* (Zwiebeln, Sonnenblumenöl), Gewürze* (Zwiebelpulver, Paprika, Knoblauch, Pfeffer), WEIZENMEHL*, Jodsalz (Salz, Kaliumjodat), natürliche Aromen*, Würze* (aus WEIZEN), Salz, Sonnenblumenöl*, GERSTENMALZEXTRAKT*, natürliches SELLERIEAROMA*. Kann EIER, MILCH, SENF und SOJA enthalten. *natürliche Zutaten.",748,179,"10,8","5,7","4,8","2,4","15,2","0,63",https://www.edeka24.de/Lebensmittel/Sossen/Fix-Produkte/Maggi-Zwiebel-Rahm-Schnitzel-33G.html,https://www.edeka24.de/out/pictures/generated/product/1/540_540_90/maggi_fix_zwiebel_rahm_schnitzel_33g.jpg
1827,Lebensmittel,Soßen,Fix-Produkte,Maggi Food Travel Pasta Calabrese Style 65G,"1,19 €","18,31 €/kg","inkl. MwSt., zzgl. 4.95 € Versandkosten.",lieferbar innerhalb von 2-5 Werktagen,2023-05-03 00:37:21.225596,Würzpaste für Pasta mit Gemüse und Mozzarella,Hinweis zur Aufbewahrung: Trocken lagern und vor Wärme und Licht schützen. Reste im Kühlschrank aufbewahren und spätestens nach 2-3 Tagen verbrauchen.,"Verantwortliches Lebensmittelunternehmen:
Maggi GmbH, 78221 Singen (Hohentwiel)","Zutatenverzeichnis: 49,9 % Tomatenmark, Branntweinessig, Honig, Sonnenblumenöl, Meersalz, Knoblauchpüree, Kräuter (Oregano, Rosmarin, Thymian, Majoran), Zucker, Gewürze(Kreuzkümmel, Knoblauch, Jalapeño-Chilis, Pfeffer, Nelken), 2 % Tomaten, Zwiebeln, rote Paprika, Maisstärke. Kann enthalten: SELLERIE.",549,128,"4,6","2,1","15,7",3,"5,6","0,55",https://www.edeka24.de/Lebensmittel/Sossen/Fix-Produkte/Maggi-Food-Travel-Pasta-Calabrese-Style-65G.html,https://www.edeka24.de/out/pictures/generated/product/1/540_540_90/maggiptpastacalabrese.jpg
1828,Lebensmittel,Soßen,Fix-Produkte,Maggi Lachs Sahne Gratin 26G,"1,09 €","41,92 €/kg","inkl. MwSt., zzgl. 4.95 € Versandkosten.",lieferbar innerhalb von 2-5 Werktagen,2023-05-03 00:37:24.721951,Fix für Lachs-Sahne-Gratin,,"Verantwortliches Lebensmittelunternehmen:
Maggi GmbH, 78221 Singen (Hohentwiel)","Zutatenverzeichnis: Sonnenblumenöl*, MILCHZUCKER*, Kartoffelstärke*, Jodsalz (Salz, Kaliumjodat), Aroma, 2,8% Dill*, MILCHEIWEISSERZEUGNIS*, Gewürze* (Pfeffer, Knoblauch, Kurkuma), Paprikaextrakt*, Weißweinextrakt, Würze* (aus WEIZEN), natürliche Aromen*, Säuerungsmittel Citronensäure*, Salz*. Kann SELLERIE, EIER, SENF und SOJA enthalten. *natürliche Zutaten.",1046,250,"21,3","10,5",4,"3,2","11,2","0,65",https://www.edeka24.de/Lebensmittel/Sossen/Fix-Produkte/Maggi-Lachs-Sahne-Gratin-26G.html,https://www.edeka24.de/out/pictures/generated/product/1/540_540_90/maggi_idee_fr_lachs_sahne_gratin_26_g.jpg
1829,Lebensmittel,Soßen,Fix-Produkte,Maggi Food Travel Gyros 30G,"1,19 €","39,67 €/kg","inkl. MwSt., zzgl. 4.95 € Versandkosten.",lieferbar innerhalb von 2-5 Werktagen,2023-05-03 00:37:28.225995,Fix für Gyros,,"Verantwortliches Lebensmittelunternehmen:
Maggi GmbH, Lyoner Str. 23, D-60528 Frankfurt","Zutatenverzeichnis: Zwiebeln*, Gewürze (Knoblauch*, Pfeffer*, Paprika*), Kartoffelstärke*, Jodsalz (Salz, Kaliumjodat), 6,6% Kräuter (Oregano*, Thymian*), natürliches Aroma*, Zucker*, Zitronensaft*, Sonnenblumenöl*, geräucherter Speck* (Speck, Salz, Rauch), Raucharoma, natürliches Zitronenaroma*. Kann SELLERIE, EIER, GLUTENHALTIGES GETREIDE, MILCH, SENF und SOJA enthalten. *natürliche Zutaten",710,170,"8,5","2,1","4,7","1,6","18,2","0,71",https://www.edeka24.de/Lebensmittel/Sossen/Fix-Produkte/Maggi-Food-Travel-Gyros-30G.html,https://www.edeka24.de/out/pictures/generated/product/1/540_540_90/maggi_gyros_30_g.jpg
1830,Lebensmittel,Soßen,Fix-Produkte,Knorr Fix Spaghetti Bolognese 40G,"1,09 €","27,25 €/kg","inkl. MwSt., zzgl. 4.95 € Versandkosten.",lieferbar innerhalb von 2-5 Werktagen,2023-05-03 00:37:31.399774,Fix für Spaghetti Bolognese,,"Verantwortliches Lebensmittelunternehmen:
Unilever Deutschland, Postfach 57 05 50, 22774 Hamburg","Zutatenverzeichnis: 44% Tomatenpulver¹², Stärke¹, jodiertes Speisesalz, WEIZENMEHL¹, Zwiebeln¹², Zucker¹, Hefeextrakt¹, 2,5% Karotten¹², Maiskeimöl¹, Paprika¹, Knoblauch¹², Kräuter¹ (Rosmarin², Majoran, Oregano², Thymian²), Speisesalz. Kann EI, MILCH, SELLERIE, SENF, SOJA, andere GLUTENHALTIGE GETREIDE enthalten. ¹ Natürliche Zutaten sind mit einem Sternchen gekennzeichnet. ²aus nachhaltigem Anbau.",588,140,"3,2","0,8",20,"1,2","7,6","0,48",https://www.edeka24.de/Lebensmittel/Sossen/Fix-Produkte/Knorr-Fix-Spaghetti-Bolognese-40G.html,https://www.edeka24.de/out/pictures/generated/product/1/540_540_90/knorr_fix_spaghetti_bolognese_40g.jpg
1831,Lebensmittel,Soßen,Fix-Produkte,Maggi Kartoffel Gratin 43G,"1,09 €","25,35 €/kg","inkl. MwSt., zzgl. 4.95 € Versandkosten.",lieferbar innerhalb von 2-5 Werktagen,2023-05-03 00:37:34.857625,Fix für Kartoffel-Gratin,,"Verantwortliches Lebensmittelunternehmen:
Maggi GmbH, 78221 Singen (Hohentwiel)","Zutatenverzeichnis: Kartoffelstärke, Sonnenblumenöl, Meersalz, MILCHZUCKER, Zwiebeln, Gewürze (Knoblauch, Muskatnuss, Pfeffer), MILCHEIWEISSERZEUGNIS, Zucker. Kann SELLERIE, EIER, GLUTENHALTIGES GETREIDE, SENF und SOJA enthalten.",452,106,"5,6","2,5","10,4","1,1","3,1","0,89",https://www.edeka24.de/Lebensmittel/Sossen/Fix-Produkte/Maggi-Kartoffel-Gratin-43G.html,https://www.edeka24.de/out/pictures/generated/product/1/540_540_90/maggi_kartoffel_gratin_43g.jpg
1832,Lebensmittel,Soßen,Fix-Produkte,Maggi Food Travel Tex-Mex Chili Con Carne 30G,"1,19 €","39,67 €/kg","inkl. MwSt., zzgl. 4.95 € Versandkosten.",lieferbar innerhalb von 2-5 Werktagen,2023-05-03 00:37:39.155913,Fix für Chili Con Carne,,"Verantwortliches Lebensmittelunternehmen:
Maggi GmbH, Julius-Bührer-Straße 8, 78224 Singen","Zutatenverzeichnis: Gewürze [Paprika*, Kreuzkümmel*, geräuchertes Paprikapulver* (Paprika, Rauch), Knoblauch*, Zwiebeln*, 4,5% Jalapeno-Chilis*, Pfeffer*], Zucker*, Meersalz*, Kräuter (Thymian*, Oregano*), Sonnenblumenöl*. Kann SELLERIE, EIER, GLUTENHALTIGES GETREIDE, MILCH, SENF und SOJA enthalten. *Natürliche Zutaten.",335,80,"3,6","1,2","5,4","3,2","5,3","0,55",https://www.edeka24.de/Lebensmittel/Sossen/Fix-Produkte/Maggi-Food-Travel-Tex-Mex-Chili-Con-Carne-30G.html,https://www.edeka24.de/out/pictures/generated/product/1/540_540_90/maggi_food_travel_fix_texmex_chili_con_carne_30g.jpg
1833,Lebensmittel,Soßen,Fix-Produkte,Maggi Food Travel Pasta Toscana Style 65G,"1,19 €","18,31 €/kg","inkl. MwSt., zzgl. 4.95 € Versandkosten.",lieferbar innerhalb von 2-5 Werktagen,2023-05-03 00:37:42.435140,"Würzpaste für Nudeln mit Hähnchen, Rucola und Tomaten",Hinweis zur Aufbewahrung: Trocken lagern und vor Wärme und Licht schützen. Reste im Kühlschrank aufbewahren und spätestens nach 2-3 Tagen verbrauchen.,"Verantwortliches Lebensmittelunternehmen:
Maggi GmbH, 78221 Singen (Hohentwiel)","Zutatenverzeichnis: 57 % Tomatenmark, Zucker, Branntweinessig, Sonnenblumenöl, 4,5 % Tomaten, Meersalz, Knoblauchpüree, Maisstärke, Knoblauch, Kräuter (Thymian, Oregano,Petersilie, Rosmarin), rote Paprika. Kann enthalten: SELLERIE.",163,683,"8,3","0,9","18,2","13,6","2,1","4,3",https://www.edeka24.de/Lebensmittel/Sossen/Fix-Produkte/Maggi-Food-Travel-Pasta-Toscana-Style-65G.html,https://www.edeka24.de/out/pictures/generated/product/1/540_540_90/maggiftpastatoscana.jpg
1834,Lebensmittel,Soßen,Fix-Produkte,Maggi Food Travel China-Pfanne Chop Suey 34G,"1,19 €","35,00 €/kg","inkl. MwSt., zzgl. 4.95 € Versandkosten.",lieferbar innerhalb von 2-5 Werktagen,2023-05-03 00:37:45.636078,-,,"Verantwortliches Lebensmittelunternehmen:
Maggi GmbH, 78221 Singen (Hohentwiel)","Zutatenverzeichnis: Maisstärke*, Zucker*, Jodsalz (Salz, Kaliumjodat), Kartoffelstärke*, SOJASAUCENPULVER (SOJABOHNEN*, Salz, WEIZEN*), Zucker*, Black-Fungus-Pilze*, Aromen (mit WEIZEN), 2% Ingwer*, Bambussprossen*, Chili*, Paprika*, Essigextrakt*, Sonnenblumenöl*, Paprikaextrakt*, natürliche Aromen*, Würze* (aus WEIZEN), Salz. Kann SELLERIE, EIER, MILCH und SENF enthalten. *Natürliche Zutaten.",1351,319,"2,1","0,7",69,25,5,"16,9",https://www.edeka24.de/Lebensmittel/Sossen/Fix-Produkte/Maggi-Food-Travel-China-Pfanne-Chop-Suey-34G.html,https://www.edeka24.de/out/pictures/generated/product/1/540_540_90/maggi_chinapfanne_chop_suey_34_g.jpg
1835,Lebensmittel,Soßen,Fix-Produkte,Knorr Fix Schwedische Hackbällchen Köttbullar 49G,"1,09 €","22,24 €/kg","inkl. MwSt., zzgl. 4.95 € Versandkosten.",lieferbar innerhalb von 2-5 Werktagen,2023-05-03 00:37:48.931241,Fix für Schwedische Hackbällchen Köttbullar,,"Verantwortliches Lebensmittelunternehmen:
Unilever Deutschland, Postfach 57 05 50, 22774 Hamburg","Zutatenverzeichnis: Stärke, Maltodextrin, Palmöl, Aromen, Apfelpulver, jodiertes Speisesalz, Zucker, MILCHZUCKER, Würze, Kochsalzersatz³, MILCHEIWEISS, Hefeextrakt, Karamellzuckersirup, Speisesalz, 0,5% Zwiebelsaftkonzentrat, GERSTENMALZEXTRAKT, 0,4% Röstzwiebeln², Gewürze (Knoblauch², Pfeffer, Kurkuma), Lorbeerblätter². Kann EI, SELLERIE, SENF, SOJA, andere GLUTENHALTIGE GETREIDE enthalten. ²aus nachhaltigem Anbau. ³gewonnen aus natürlichen Kaliummineralien.",515,123,"7,4","2,1","3,8","0,9",10,"0,74",https://www.edeka24.de/Lebensmittel/Sossen/Fix-Produkte/Knorr-Fix-Schwedische-Hackbaellchen-Koettbullar-49G.html,https://www.edeka24.de/out/pictures/generated/product/1/540_540_90/knorr_fix_fr_schwedische_hackbllchen_kttbullar_49_g(1).jpg
1836,Lebensmittel,Soßen,Fix-Produkte,Knorr Natürlich Lecker Wikingertopf 30G,"1,19 €","39,67 €/kg","inkl. MwSt., zzgl. 4.95 € Versandkosten.",lieferbar innerhalb von 2-5 Werktagen,2023-05-03 00:37:52.601541,Fix für Wikingertopf mit Erbsen und Möhren,,"Verantwortliches Lebensmittelunternehmen:
Unilever Deutschland, Postfach 570237, 22771 Hamburg","Zutatenverzeichnis: 29% Zwiebeln², Maisstärke, Meersalz, Reismehl, 6,6% Tomatenpulver², 5,6% Champignons², Maiskeimöl, 2,6% Paprika², Kräuter (Petersilie², Thymian²), Pfeffer, Steinpilzpulver², Sonnenblumenöl, Bockshornkleesamen, SELLERIESAMEN, Muskatnuss, Liebstöckelwurzel, Knoblauchpulver², Kartoffelstärke. Kann GLUTENHALTIGE GETREIDE, MILCH, EI, SOJA und SENF enthalten. ²aus nachhaltigem Anbau.",465,111,"6,2","1,4","5,5","1,9",8,"0,45",https://www.edeka24.de/Lebensmittel/Sossen/Fix-Produkte/Knorr-Natuerlich-Lecker-Wikingertopf-30G.html,https://www.edeka24.de/out/pictures/generated/product/1/540_540_90/knorrnatzutwiktop.jpg
1837,Lebensmittel,Soßen,Fix-Produkte,Maggi Schinken-Hack Röllchen 30G,"1,19 €","39,67 €/kg","inkl. MwSt., zzgl. 4.95 € Versandkosten.",lieferbar innerhalb von 2-5 Werktagen,2023-05-03 00:37:56.166129,Fix für Schinken-Hack-Röllchen,,"Verantwortliches Lebensmittelunternehmen:
Maggi GmbH, Julius-Bührer-Straße 8, 78224 Singen","Zutatenverzeichnis: Stärke*, 23,3% Tomaten*, Reismehl*, Sonnenblumenöl*, Zucker*, natürliche Aromen*, Gewürze* (Zwiebeln, Knoblauch, Paprika, Pfeffer), Kräuter* (Petersilie, Oregano), MILCHZUCKER*, Zitronensaft*, Würze* (aus WEIZEN), MILCHEIWEISS*, Paprikaöl*, natürliches Basilikumaroma*, natürliches Zitronenaroma*, Salz*, Raucharoma. Kann SELLERIE, EIER, SENF und SOJA enthalten. *natürliche Zutaten.",822,196,"13,2","5,9","3,8","1,5","15,6","1,1",https://www.edeka24.de/Lebensmittel/Sossen/Fix-Produkte/Maggi-Schinken-Hack-Roellchen-30G.html,https://www.edeka24.de/out/pictures/generated/product/1/540_540_90/maggi_fix_schinken_hack_ramp246llchen_30g.jpg
1838,Lebensmittel,Soßen,Fix-Produkte,Maggi Food Travel Sweet Chili Style 65G,"1,19 €","18,31 €/kg","inkl. MwSt., zzgl. 4.95 € Versandkosten.",lieferbar innerhalb von 2-5 Werktagen,2023-05-03 00:37:59.522038,Würzpaste für Hähnchen mit Sweet-Chili-Sauce,Hinweis zur Aufbewahrung: Trocken lagern und vor Wärme und Licht schützen. Reste im Kühlschrank aufbewahren und spätestens nach 2-3 Tagen verbrauchen.,"Verantwortliches Lebensmittelunternehmen:
Maggi GmbH, 78221 Singen (Hohentwiel)","Zutatenverzeichnis: Tomatenmark, Honig, Sojasauce (Wasser, SOJABOHNEN, Salz, Branntweinessig), Branntweinessig, Sonnenblumenöl, Zucker, Wasser, Meersalz, Knoblauchpüree, Maisstärke, Gewürze (Ingwer, Chili, Kreuzkümmel, Jalapeño-Chilis), Rote-Bete-Pulver, Korianderblätter, Korianderextrakt. Kann SELLERIE enthalten.",494,118,"2,7","0,4","10,4","9,8","11,7","0,74",https://www.edeka24.de/Lebensmittel/Sossen/Fix-Produkte/Maggi-Food-Travel-Sweet-Chili-Style-65G.html,https://www.edeka24.de/out/pictures/generated/product/1/540_540_90/maggi_food_travel_sweet_chili_style_65g.jpg
1839,Lebensmittel,Soßen,Fix-Produkte,Maggi Fix Rouladen 33G,"1,19 €","36,06 €/kg","inkl. MwSt., zzgl. 4.95 € Versandkosten.",lieferbar innerhalb von 2-5 Werktagen,2023-05-03 00:38:02.729525,Fix für Rouladen,,"Verantwortliches Lebensmittelunternehmen:
Maggi GmbH, 78221 Singen (Hohentwiel)","Zutatenverzeichnis: WEIZENMEHL, Stärke, Jodsalz (Salz, Kaliumjodat), Hefeextrakt, Zucker, karamellisierter Zucker, 6 % geräucherter Speck (Speck, Salz, Rauch), Aromen (mit WEIZEN, GERSTE), Gewürze (Paprika, Knoblauch, Koriander, Pfeffer), Tomaten, Kräuter (Thymian, Lorbeer), Sonnenblumenöl. Kann SELLERIE, EIER, MILCH, SENF und SOJA enthalten.",403,96,"3,7","1,4","2,6","1,1","12,7","0,81",https://www.edeka24.de/Lebensmittel/Sossen/Fix-Produkte/Maggi-Fix-Rouladen-33G.html,https://www.edeka24.de/out/pictures/generated/product/1/540_540_90/maggi_fix_rouladen_33g.jpg
1840,Lebensmittel,Soßen,Fix-Produkte,Knorr Fix für Kartoffel Gratin 37G,"1,09 €","29,46 €/kg","inkl. MwSt., zzgl. 4.95 € Versandkosten.",lieferbar innerhalb von 2-5 Werktagen,2023-05-03 00:38:07.746767,Fix für Kartoffelgratin,,"Verantwortliches Lebensmittelunternehmen:
Unilever Deutschland, Postfach 570 237, 22771 Hamburg","Zutatenverzeichnis: Palmöl, Stärke, 14% Zwiebeln³, jodiertes Speisesalz, MILCHZUCKER, Aromen, MILCHEIWEISS, Würze, Zucker, Knoblauch³, Kochsalzersatz4. Kann Spuren von GLUTEN, EI, SOJA, SELLERIE und SENF enthalten. ³ aus nachhaltigem Anbau 4 gewonnen aus natürlichen Kaliummineralien Kann Spuren von GLUTEN, EI, SOJA, SELLERIE und SENF enthalten.",326,78,"2,9","1,6","9,8","0,9","2,7","0,62",https://www.edeka24.de/Lebensmittel/Sossen/Fix-Produkte/Knorr-Fix-fuer-Kartoffel-Gratin-37G.html,https://www.edeka24.de/out/pictures/generated/product/1/540_540_90/knorr_fix_fr_kartoffel_gratin_37g.jpg
1841,Lebensmittel,Soßen,Fix-Produkte,Knorr Fix Ofen-Makkaroni alla Mamma 48G,"1,09 €","22,71 €/kg","inkl. MwSt., zzgl. 4.95 € Versandkosten.",lieferbar innerhalb von 2-5 Werktagen,2023-05-03 00:38:12.402904,Fix für Ofen-Makkaroni mit Tomaten-Hackfleischsauce,,"Verantwortliches Lebensmittelunternehmen:
Unilever Deutschland, Postfach 57 05 50, 22774 Hamburg","Zutatenverzeichnis: 43% Tomatenpulver, Stärke, Zucker, Aromen, jodiertes Speisesalz, 3,2% Zwiebeln, Maiskeimöl, Hefeextrakt, Würze, Kochsalzersatz, Gewürze (Knoblauch, Pfeffer), Speisesalz, Kräuter (Oregano, Thymian), Gemüsesaftkonzentrate (SELLERIE, Karotte, Lauch, Zwiebel), Reismehl. Kann EI, MILCH, SENF, SOJA und andere GLUTENHALTIGE GETREIDE enthalten.",668,160,"6,5","2,6",14,"2,2",11,"0,7",https://www.edeka24.de/Lebensmittel/Sossen/Fix-Produkte/Knorr-Fix-Ofen-Makkaroni-alla-Mamma-48G.html,https://www.edeka24.de/out/pictures/generated/product/1/540_540_90/knorr_fix_ofenmakkaroni_alla_mamma_48g.jpg
1842,Lebensmittel,Soßen,Fix-Produkte,Knorr Fix für Kräuter-Sahne Hähnchen 28G,"1,09 €","38,93 €/kg","inkl. MwSt., zzgl. 4.95 € Versandkosten.",lieferbar innerhalb von 2-5 Werktagen,2023-05-03 00:38:16.019767,-,,"Verantwortliches Lebensmittelunternehmen:
Unilever Deutschland, Postfach 57 05 50, 22774 Hamburg","Zutatenverzeichnis: Palmöl, Stärke, jodiertes Speisesalz, 7,1% Zwiebeln³, Zucker, MILCHZUCKER, Aromen, MILCHEIWEISS, Würze, Maltodextrin, Speisesalz, Champignonsaftkonzentrat³, Kräuter (Petersilie³, Kerbel³, Basilikum³), Hefeextrakt, Zitronensaftpulver, Kurkuma. Kann Ei, SELLERIE, SENF, SOJA, GLUTENHALTIGE GETREIDE enthalten. ³ aus nachhaltigem Anbau",611,146,7,"4,1","3,3","1,9",17,"0,71",https://www.edeka24.de/Lebensmittel/Sossen/Fix-Produkte/Knorr-Fix-fuer-Kraeuter-Sahne-Haehnchen-28G.html,https://www.edeka24.de/out/pictures/generated/product/1/540_540_90/knorr_fix_fr_krutersahne_hhnchen(1).jpg
1843,Lebensmittel,Soßen,Fix-Produkte,Maggi Herzensküche Pilz Rahm Nudeln 65G,"1,19 €","18,31 €/kg","inkl. MwSt., zzgl. 4.95 € Versandkosten.",lieferbar innerhalb von 2-5 Werktagen,2023-05-03 00:38:19.879477,Würzpaste für Pilz-Rahm-Gerichte,Hinweis zur Aufbewahrung: Trocken lagern und vor Wärme und Licht schützen. Reste im Kühlschrank aufbewahren und spätestens nach 2-3 Tagen verbrauchen.,"Verantwortliches Lebensmittelunternehmen:
Maggi GmbH, 78221 Singen (Hohentwiel)","Zutatenverzeichnis: 43,1 % Champignons*, karamellisierte Zwiebeln (Zwiebeln*, Sonnenblumenöl*, Zucker*, Salz, Zitronensaftkonzentrat*) , Sonnenblumenöl*, Gewürze* (Zwiebelpulver, Knoblauch, Pfeffer), Meersalz*, Zucker*, Branntweinessig*, Zwiebeln*, Champignonextrakt*, Petersilie*, Maisstärke*, natürliche Aromen*. Kann SELLERIE, MILCH und SENF enthalten. *Natürliche Zutaten",566,131,"3,2","1,2","16,2","1,7","9,4","0,6",https://www.edeka24.de/Lebensmittel/Sossen/Fix-Produkte/Maggi-Herzenskueche-Pilz-Rahm-Nudeln-65G.html,https://www.edeka24.de/out/pictures/generated/product/1/540_540_90/maggi_herzenskche_pilz_rahm_nudeln_65_g.jpg
1844,Lebensmittel,Soßen,Fix-Produkte,Knorr Fix Chili con Carne Unser Bestes! 49G,"1,09 €","22,24 €/kg","inkl. MwSt., zzgl. 4.95 € Versandkosten.",lieferbar innerhalb von 2-5 Werktagen,2023-05-03 00:38:23.628047,Fix für Chili con Carne Unser Bestes!,,"Verantwortliches Lebensmittelunternehmen:
Unilever Deutschland, Postfach 570 237, 22771 Hamburg","Zutatenverzeichnis: 20% Tomatenpulver³, Zucker, Palmöl, WEIZENMEHL, jodiertes Speisesalz, 6,1% Zwiebeln³, Stärke, Paprika³, 3,4% geräuchertes Chilipulver (Chili, Rauch), 3% Knoblauch³, Koriander, Kreuzkümmel, Kochsalzersatz4, 1,6% Cayennepfeffer, Speisesalz, Kräuter (Thymian³, Lorbeerblätter), Pfeffer, Rote-Bete-Pulver, Hefeextrakt, Ingwer, Zwiebelsaftkonzentrat³, Aromen, Sonnenblumenöl, Petersilienwu rzel³. Kann Spuren von MILCH, EI, SOJA, SELLERIE und SENF enthalten. ³ aus nachhaltigem Anbau 4gewonnen aus natürlichen Kaliummineralien",476,114,"3,7","1,2","8,4","1,7","9,6","0,77",https://www.edeka24.de/Lebensmittel/Sossen/Fix-Produkte/Knorr-Fix-Chili-con-Carne-Unser-Bestes-49G.html,https://www.edeka24.de/out/pictures/generated/product/1/540_540_90/knorr_fix_fr_chili_con_carne_unser_bestes_49g.jpg
1845,Lebensmittel,Soßen,Fix-Produkte,Maggi Idee für Tomaten Bolognese 50G,"1,19 €","23,80 €/kg","inkl. MwSt., zzgl. 4.95 € Versandkosten.",lieferbar innerhalb von 2-5 Werktagen,2023-05-03 00:38:27.529640,Fix für Spaghetti Tomaten-Bolognese,,"Verantwortliches Lebensmittelunternehmen:
Maggi GmbH, 78221 Singen (Hohentwiel)","Zutatenverzeichnis: 65% Tomaten, Zucker, Meersalz, Stärke, Oregano, Pfeffer, Basilikum, Thymian, Paprikaextrakt, Sonnenblumenöl. Kann SELLERIE, EIER, GLUTENHALTIGES GETREIDE, MILCH SENF und SOJA enthalten",587,137,"4,4","1,4","18,2","2,6","6,1","0,62",https://www.edeka24.de/Lebensmittel/Sossen/Fix-Produkte/Maggi-Idee-fuer-Tomaten-Bolognese-50G.html,https://www.edeka24.de/out/pictures/generated/product/1/540_540_90/maggi_idee_fr_tomaten_bolognese_50_g.jpg
1846,Lebensmittel,Soßen,Fix-Produkte,Knorr Fix Chili con Carne 33G,"1,09 €","33,03 €/kg","inkl. MwSt., zzgl. 4.95 € Versandkosten.",lieferbar innerhalb von 2-5 Werktagen,2023-05-03 00:38:31.092401,Fix für Chili con Carne,,"Verantwortliches Lebensmittelunternehmen:
Unilever Deutschland, Postfach 570 237, 22771 Hamburg","Zutatenverzeichnis: 35% Tomatenpulver¹², 13% Paprika¹, Stärke¹, jodiertes Speisesalz, Zwiebeln¹², Zucker¹, Kreuzkümmel¹, Aromen, Knoblauch¹², Maiskeimöl¹, Gemüsepaprika¹², Speisesalz, Zitronensaftpulver¹, 1,1% Chili¹, Koriander¹, Thymian¹², Lorbeerblätter¹², Pfeffer¹, Hefeextrakt¹, Ingwer¹, Raucharoma, Petersilienwurzel¹². Kann EI, MILCH, SELLERIE, SENF, SOJA, GLUTENHALTIGE GETREIDE enthalten. ¹Natürliche Zutaten sind mit einem Sternchen gekennzeichnet. ²aus nachhaltigem Anbau.",391,93,"2,7","0,8","7,5","1,5","8,2","0,73",https://www.edeka24.de/Lebensmittel/Sossen/Fix-Produkte/Knorr-Fix-Chili-con-Carne-33G.html,https://www.edeka24.de/out/pictures/generated/product/1/540_540_90/knorr_fix_chili_con_carne_33g(1).jpg
1847,Lebensmittel,Soßen,Fix-Produkte,Maggi Idee für Makkaroni Lasagne 40G,"1,19 €","29,75 €/kg","inkl. MwSt., zzgl. 4.95 € Versandkosten.",lieferbar innerhalb von 2-5 Werktagen,2023-05-03 00:38:34.355447,Fix für Makkaroni-Lasagne,,"Verantwortliches Lebensmittelunternehmen:
Maggi GmbH, 78221 Singen (Hohentwiel)","Zutatenverzeichnis: 38 % Tomaten, Jodsalz, WEIZENMEHL, Maisstärke, Zucker, Hefeextrakt, 3,4 % Kräuter (Oregano, Thymian, Basilikum), Maltodextrin, Gewürze (Knoblauch, Pfeffer), Palmfett, Aromen, Sonnenblumenöl, MILCHZUCKER, MILCHEIWEISS, Säuerungsmittel Citronensäure. Kann SELLERIE, EIER, SENF und SOJA enthalten.",750,177,"8,9",4,"15,2","1,4","8,9","0,83",https://www.edeka24.de/Lebensmittel/Sossen/Fix-Produkte/Maggi-Idee-fuer-Makkaroni-Lasagne-40G.html,https://www.edeka24.de/out/pictures/generated/product/1/540_540_90/maggi_idee_fr_makkaroni_lasagne_40_g.jpg
1848,Lebensmittel,Soßen,Fix-Produkte,Knorr Natürlich Lecker Geschnetzeltes Züricher Art 30G,"1,19 €","39,67 €/kg","inkl. MwSt., zzgl. 4.95 € Versandkosten.",lieferbar innerhalb von 2-5 Werktagen,2023-05-03 00:38:37.981621,Fix für Geschnetzeltes Züricher Art,,"Verantwortliches Lebensmittelunternehmen:
Unilever Deutschland, Postfach 570 237, 22771 Hamburg","Zutatenverzeichnis: 29% Zwiebeln², Stärke (Mais, Kartoffel), Meersalz, Reismehl, 6,6% Tomatenpulver², 5,6% Champignons², pflanzliche Öle (Mais, Sonnenblumen), Paprika², Kräuter (Petersilie², Thymian²), Steinpilzpulver², Pfeffer, Knoblauch², Bockshornkleesamen, SELLERIESAMEN, Muskatnuss, Liebstöckelwurzel². Kann GLUTENHALTIGE GETREIDE, MILCH, EI, SOJA und SENF enthalten. ²aus nachhaltigem Anbau.","0,54",472,"5,9","1,6","3,8","1,3","8,9","0,54",https://www.edeka24.de/Lebensmittel/Sossen/Fix-Produkte/Knorr-Natuerlich-Lecker-Geschnetzeltes-Zuericher-Art-30G.html,https://www.edeka24.de/out/pictures/generated/product/1/540_540_90/knorrgeschzr.jpg
1849,Lebensmittel,Soßen,Fix-Produkte,Maggi Bologneser Gratin 35G,"1,19 €","34,00 €/kg","inkl. MwSt., zzgl. 4.95 € Versandkosten.",lieferbar innerhalb von 2-5 Werktagen,2023-05-03 00:38:41.616707,Fix für Bologneser-Gratin,,"Verantwortliches Lebensmittelunternehmen:
Maggi GmbH, 78221 Singen (Hohentwiel)","Zutatenverzeichnis: 23,9% Tomaten*, Maisstärke*, Jodsalz (Salz, Kaliumjodat), WEIZENMEHL*, Zucker*, Gewürze* (Zwiebeln, Knoblauch, Paprika, Pfeffer), natürliche Aromen*, geräucherter Speck* (Speck, Salz, Rauch), Würze* (aus WEIZEN), Salz*, 2,5% Kräuter* (Majoran, Petersilie, Oregano), Zwiebelstücke*, Karotten*, Aroma, Sonnenblumenöl*. Kann SELLERIE, EIER, MILCH, SENF und SOJA enthalten. *natürliche Zutaten",312,1319,"4,9","1,8","54,2","14,3","10,4","16,9",https://www.edeka24.de/Lebensmittel/Sossen/Fix-Produkte/Maggi-Bologneser-Gratin-35G.html,https://www.edeka24.de/out/pictures/generated/product/1/540_540_90/maggi_idee_fr_bologneser_gratin_35_g.jpg
1850,Lebensmittel,Soßen,Fix-Produkte,Knorr Fix für Currywurst 36G,"1,09 €","30,28 €/kg","inkl. MwSt., zzgl. 4.95 € Versandkosten.",lieferbar innerhalb von 2-5 Werktagen,2023-05-03 00:38:45.171286,-,,"Verantwortliches Lebensmittelunternehmen:
Unilever Deutschland Holding GmbH, Am Strandkai 1 , D-20457 Hamburg","Zutatenverzeichnis: 21% Tomatenpulver, Zucker, Stärke, 11% Curry (Kurkuma, Koriander, Kreuzkümmel, Bockshornkleesamen, Knoblauch, Fenchelsamen, cayennepfeffer, Petersilie, Pfeffer, Kardamom, SENFSAMEN), Apfelpulver, Palmöl, jodiertes Speisesalz, Maltodextrin, 3% Röstzwiebeln, Aromen, Reismehl, Kochsalzersatz, Speisesalz, Rote-Bete-Pulver, Hefeextrakt, Rosmarin, Säuerungsmittel Citronensäure, Würze, Ingwer, SOJASAUCE (SOJABOHNEN, WEIZEN), Dextrose, Muskatnuss, Raucharoma. Kann Spuren von MILCH, EI und SELLERIE enthalten.",913,218,18,"6,6","5,4","3,3","9,4","1,2",https://www.edeka24.de/Lebensmittel/Sossen/Fix-Produkte/Knorr-Fix-fuer-Currywurst-36G.html,https://www.edeka24.de/out/pictures/generated/product/1/540_540_90/kfcurrywurst.jpg
1851,Lebensmittel,Soßen,Fix-Produkte,Knorr Natürlich Lecker Spaghetti Bolognese 38G,"1,19 €","31,32 €/kg","inkl. MwSt., zzgl. 4.95 € Versandkosten.",lieferbar innerhalb von 2-5 Werktagen,2023-05-03 00:38:48.386249,Fix Für Spaghetti Bolognese,,"Verantwortliches Lebensmittelunternehmen:
Unilever Deutschland, Postfach 570 237, 22771 Hamburg","Zutatenverzeichnis: 41% Tomaten² (Pulver, Stücke), Zwiebeln², Meersalz, Kartoffelstärke, 3,9% Knoblauchpulver², Karotten², natives Olivenöl extra, Paprika, Kräuter (Oregano², Rosmarin, Thymian²), Pfeffer. Kann GLUTENHALTIGE GETREIDE, MILCH, EI, SOJA, SELLERIE und SENF enthalten. ²aus nachhaltigem Anbau.",566,135,"3,1","0,7",19,"1,1","7,3","0,52",https://www.edeka24.de/Lebensmittel/Sossen/Fix-Produkte/Knorr-Natuerlich-Lecker-Spaghetti-Bolognese-38G.html,https://www.edeka24.de/out/pictures/generated/product/1/540_540_90/knorr_natrlich_lecker_spaghetti_bolognese_38g.jpg
1852,Lebensmittel,Soßen,Fix-Produkte,Knorr Natürlich Lecker Hackbraten 61G,"1,19 €","19,51 €/kg","inkl. MwSt., zzgl. 4.95 € Versandkosten.",lieferbar innerhalb von 2-5 Werktagen,2023-05-03 00:38:51.556422,Fix für Hackbraten,,"Verantwortliches Lebensmittelunternehmen:
Unilever Deutschland, Postfach 570 237, 22771 Hamburg","Zutatenverzeichnis: Paniermehl (WEIZENMEHL, Hefe, Speisesalz), 9,3% Zwiebeln², Meersalz, 3,8% Knoblauchpulver², pflanzliche Öle (Mais, Sonnenblumen), 2% Paprika, Petersilie², Champignons², Pfeffer, Koriander, SELLERIEBLÄTTER, Kümmel, SENFMEHL, Rosmarin, Majoran, Piment, Muskatnuss. Kann andere GLUTENHALTIGE GETREIDE, MILCH, EI, SOJA enthalten. ²aus nachhaltigem Anbau.",834,199,11,"2,8","6,8","0,5",17,"0,73",https://www.edeka24.de/Lebensmittel/Sossen/Fix-Produkte/Knorr-Natuerlich-Lecker-Hackbraten-61G.html,https://www.edeka24.de/out/pictures/generated/product/1/540_540_90/knorrnatzuthabra.jpg
1853,Lebensmittel,Soßen,Fix-Produkte,Maggi Fix Lasagne 30G,"1,19 €","39,67 €/kg","inkl. MwSt., zzgl. 4.95 € Versandkosten.",lieferbar innerhalb von 2-5 Werktagen,2023-05-03 00:38:55.157829,Fix für Lasagne,,"Verantwortliches Lebensmittelunternehmen:
Maggi GmbH, 78221 Singen (Hohentwiel)","Zutatenverzeichnis: 66,4 % Tomaten, Meersalz, Zucker, Zwiebeln, Knoblauch, Thymian, Petersilie, Rosmarin, Paprika, Oregano, Lorbeer, Pfeffer, Karotten, Sonnenblumenöl. Kann GLUTENHALTIGES GETREIDE, SELLERIE, EIER, MILCH, SENF und SOJA enthalten.",900,212,"12,8","6,1","14,3","2,5","9,9","0,65",https://www.edeka24.de/Lebensmittel/Sossen/Fix-Produkte/Maggi-Fix-Lasagne-30G.html,https://www.edeka24.de/out/pictures/generated/product/1/540_540_90/maggi_fix_lasagne_30g.jpg
1854,Lebensmittel,Soßen,Fix-Produkte,Knorr Fix Lasagne 52G,"1,09 €","20,96 €/kg","inkl. MwSt., zzgl. 4.95 € Versandkosten.",lieferbar innerhalb von 2-5 Werktagen,2023-05-03 00:38:59.817685,Fix für Lasagne,,"Verantwortliches Lebensmittelunternehmen:
Unilever Deutschland, Postfach 57 05 50, 22774 Hamburg","Zutatenverzeichnis: 36% Tomatenpulver¹², Stärke, WEIZENMEHL¹, Zucker¹, jodiertes Speisesalz, 7,1% Zwiebelpulver¹², Maiskeimöl¹, 1,7% Knoblauch¹², 1,5% Oregano¹², Hefeextrakt¹, Paprika¹², Thymian¹², Speisesalz, Rosmarin¹², Petersilie¹, Basilikum¹. Kann EI, MILCH, SELLERIE, SENF, SOJA, andere GLUTENHALTIGE GETREIDE enthalten. ¹Natürliche Zutaten sind mit einem Sternchen gekennzeichnet. ²aus nachhaltigem Anbau.",730,174,"8,8",4,14,"2,2","9,5","0,76",https://www.edeka24.de/Lebensmittel/Sossen/Fix-Produkte/Knorr-Fix-Lasagne-52G.html,https://www.edeka24.de/out/pictures/generated/product/1/540_540_90/knorr_fix_lasagne_52g(1).jpg
1855,Lebensmittel,Soßen,Fix-Produkte,Knorr Knusper Topping Orientalische Gewürze für Kürbis 40G MHD 04.2023,"1,19 €","29,75 €/kg","inkl. MwSt., zzgl. 4.95 € Versandkosten.",lieferbar innerhalb von 2-5 Werktagen,2023-05-03 00:39:03.675436,Zubereitung für Kürbis mit herzhaftem Semmelbröseltopping Orientalische Gewürze.,,"Verantwortliches Lebensmittelunternehmen:
Unilever Deutschland, Postfach 570237, 22771 Hamburg","Zutatenverzeichnis: Grobes Paniermehl (WEIZENMEHL, Hefe, Speisesalz), Kürbispulver², EIKLARPULVER, Gemüsepaprika², Tomaten² (Stücke, Pulver), jodiertes Speisesalz, 1,5% Ingwer, Karotten², Zwiebeln², Knoblauch², Kurkuma², Koriander, Ananassaftpulver, Stärke, Chili, Kreuzkümmel, Petersilie², Kardamom, Bockshornkleesamen, Zimt, Nelken, Cayennepfeffer. Kann MILCH, SOJA, SELLERIE und SENF enthalten. ² aus nachhaltigem Anbau",489,117,"7,6","0,7",11,"3,4","2,1","0,2",https://www.edeka24.de/Lebensmittel/Sossen/Fix-Produkte/Knorr-Knusper-Topping-Orientalische-Gewuerze-fuer-Kuerbis-40G-MHD-04-2023.html,https://www.edeka24.de/out/pictures/generated/product/1/540_540_90/knorr_knusper_topping_orientalische_gewamp252rze_famp252r_kamp252rbis_40g.jpg
1856,Lebensmittel,Soßen,Fix-Produkte,Knorr Fix für Nudel-Hackfleisch-Gratin 36G,"1,09 €","30,28 €/kg","inkl. MwSt., zzgl. 4.95 € Versandkosten.",lieferbar innerhalb von 2-5 Werktagen,2023-05-03 00:39:06.971239,-,,"Verantwortliches Lebensmittelunternehmen:
Unilever Deutschland Holding GmbH, Am Strandkai 1 , D-20457 Hamburg","Zutatenverzeichnis: 17% Tomatenpulver, Reismehl, jodiertes Speisesalz, 11% Zwiebeln, Zucker, Aromen, Kochsalzersatz, Würze, Palmöl, Stärke, 2,4% Knoblauchpulver, SELLERIE, Hefeextrakt, Lauch, 1,8% Karotten, Rosmarin, Basilikum, Speisesalz, Zwiebelsaftkonzentrat, Zitronensaftpulver, Pfeffer, Sonnenblumenöl. Kann Spuren von GLUTEN, MILCH, EI, SOJA und SENF enthalten.",180,754,"7,5","2,5",16,"1,6",11,"0,83",https://www.edeka24.de/Lebensmittel/Sossen/Fix-Produkte/Knorr-Fix-fuer-Nudel-Hackfleisch-Gratin-36G.html,https://www.edeka24.de/out/pictures/generated/product/1/540_540_90/kfnudelhackgratin.jpg
1857,Lebensmittel,Soßen,Fertige Soßen,Thomy Les Sauces Käse Sahne-Sauce 250ML,"1,19 €","4,76 €/l","inkl. MwSt., zzgl. 4.95 € Versandkosten.",lieferbar innerhalb von 2-5 Werktagen,2023-05-03 00:39:10.399398,Käse-Sahne-Sauce,Hinweis zur Aufbewahrung: Reste im Kühlschrank aufbewahren und spätestens am nächsten Tag verbrauchen.,"Verantwortliches Lebensmittelunternehmen:
Nestlé Deutschland AG, Industriestraße 42-44, 41460 Neuss","Zutatenverzeichnis: Wasser, 10 % SCHLAGSAHNE, 4,5 % KÄSE, modifizierte Stärke, 1,5% EIGELB, Jodsalz (Salz, Kaliumjodat), Aromen (mit MILCH), Zucker, Hefeextrakt, Verdickungsmittel Xanthan.",290,70,"4,8",3,"4,3","1,1","2,1","0,99",https://www.edeka24.de/Lebensmittel/Sossen/Fertige-Sossen/Thomy-Les-Sauces-Kaese-Sahne-Sauce-250ML.html,https://www.edeka24.de/out/pictures/generated/product/1/540_540_90/thomy_les_sauces_ksesahnesauce_250_ml.jpg
1858,Lebensmittel,Soßen,Fertige Soßen,Thomy Les Sauces Tomaten Sahne-Sauce 250ML,"1,19 €","4,76 €/l","inkl. MwSt., zzgl. 4.95 € Versandkosten.",lieferbar innerhalb von 2-5 Werktagen,2023-05-03 00:39:14.041642,Tomaten Sahne-Sauce,Hinweis zur Aufbewahrung: Reste im Kühlschrank aufbewahren und spätestens am nächsten Tag verbrauchen.,"Verantwortliches Lebensmittelunternehmen:
Nestlé Deutschland AG, Industriestraße 42-44, 41460 Neuss","Zutatenverzeichnis: 68,4 % Tomatenmark, 15 % SCHLAGSAHNE , Sonnenblumenöl, Wasser, Maisstärke, Gewürze (Zwiebeln, Knoblauch, Pfeffer), Jodsalz (Salz, Kaliumjodit), Zucker. Kann SELLERIE enthalten.",600,145,"11,4","3,9","8,2","5,2","1,7","1,2",https://www.edeka24.de/Lebensmittel/Sossen/Fertige-Sossen/Thomy-Les-Sauces-Tomaten-Sahne-Sauce-250ML.html,https://www.edeka24.de/out/pictures/generated/product/1/540_540_90/thomy_les_sauces_tomaten_sahnesauce_250ml.jpg
1859,Lebensmittel,Soßen,Fertige Soßen,Thomy Les Sauces Hollandaise 250ML,"1,19 €","4,76 €/l","inkl. MwSt., zzgl. 4.95 € Versandkosten.",lieferbar innerhalb von 2-5 Werktagen,2023-05-03 00:39:17.614770,Sauce Hollandaise,Hinweis zur Aufbewahrung: Reste im Kühlschrank aufbewahren und spätestens am nächsten Tag verbrauchen.,"Verantwortliches Lebensmittelunternehmen:
Nestlé Deutschland AG, 41415 Neuss","Zutatenverzeichnis: Wasser, 20 % Sonnenblumenöl, 5,1% EIGELB, modifizierte Stärke, Zucker, Zitronensaftkonzentrat, Jodsalz (Salz, Kaliumjodat), Weißweinessig, Zwiebeln, Aromen (mit EI, MILCH, SENFÖL), Hefeextrakt, Verdickungsmittel Xanthan.",893,216,"21,6","2,4","4,3","1,9","0,9","1,3",https://www.edeka24.de/Lebensmittel/Sossen/Fertige-Sossen/Thomy-Les-Sauces-Hollandaise-250ML.html,https://www.edeka24.de/out/pictures/generated/product/1/540_540_90/thomy_les_sauces_hollandaise_250_ml.jpg
1860,Lebensmittel,Soßen,Fertige Soßen,Thomy Les Sauces Schnitzel Sahne-Sauce 250ML,"1,19 €","4,76 €/l","inkl. MwSt., zzgl. 4.95 € Versandkosten.",lieferbar innerhalb von 2-5 Werktagen,2023-05-03 00:39:21.256790,Sahne-Sauce für Schnitzel-Gerichte,Hinweis zur Aufbewahrung: Reste im Kühlschrank aufbewahren und spätestens am nächsten Tag verbrauchen.,"Verantwortliches Lebensmittelunternehmen:
Nestlé Deutschland AG, Industriestraße 42-44, 41460 Neuss","Zutatenverzeichnis: Wasser, 10% SCHLAGSAHNE, Sonnenblumenöl, modifizierte Stärke, 1,8% EIGELB, Zwiebeln, Knoblauch, Jodsalz (Salz, Kaliumjodat), natürliche Aromen (mit MILCH), Zucker, Zitronensaft aus Zitronensaftkonzentrat, Hefeextrakt, Aromen (mit WEIZEN), Paprikaextrakt, natürliches Pfefferaroma mit anderen natürlichen Aromen, Verdickungsmittel Xanthan.",599,145,"13,3","3,1","4,7","1,3","1,2","1,1",https://www.edeka24.de/Lebensmittel/Sossen/Fertige-Sossen/Thomy-Les-Sauces-Schnitzel-Sahne-Sauce-250ML.html,https://www.edeka24.de/out/pictures/generated/product/1/540_540_90/thomy_les_sauces_schnitzelsahnesauce_250_ml.jpg
1861,Lebensmittel,Soßen,Fertige Soßen,Thomy Sauce Hollandaise für Gemüse 250ML,"1,19 €","4,76 €/l","inkl. MwSt., zzgl. 4.95 € Versandkosten.",lieferbar innerhalb von 2-5 Werktagen,2023-05-03 00:39:25.007903,Fettreduzierte Sauce Hollandaise,Hinweis zur Aufbewahrung: Reste im Kühlschrank aufbewahren und spätestens am nächsten Tag verbrauchen.,"Verantwortliches Lebensmittelunternehmen:
Nestlé Deutschland AG, 41415 Neuss","Zutatenverzeichnis: Wasser, 7,5% Sonnenblumenöl, modifizierte Stärke, 1,4% EIGELB, Zwiebelpulver, Muskatnuss, Weißweinessig, Jodsalz (Salz, Kaliumjodat), Zucker, Hefeextrakt, Aromen (mit MILCH), Verdickungsmittel Xanthan. Kann SELLERIE, SENF und SOJA enthalten.",401,97,"8,1","0,9","5,4","1,7","0,5","0,97",https://www.edeka24.de/Lebensmittel/Sossen/Fertige-Sossen/Thomy-Sauce-Hollandaise-fuer-Gemuese-250ML.html,https://www.edeka24.de/out/pictures/generated/product/1/540_540_90/thomy_sauce_hollandaise_fr_gemse(1).jpg
1862,Lebensmittel,Soßen,Fertige Soßen,Thomy Les Sauces Pfannen Sahne-Sauce 250ML,"1,19 €","4,76 €/l","inkl. MwSt., zzgl. 4.95 € Versandkosten.",lieferbar innerhalb von 2-5 Werktagen,2023-05-03 00:39:29.017980,Sahne-Sauce für Pfannen-Gerichte,Hinweis zur Aufbewahrung: Reste im Kühlschrank aufbewahren und spätestens am nächsten Tag verbrauchen.,"Verantwortliches Lebensmittelunternehmen:
Nestlé Deutschland AG, Industriestraße 42-44, 41460 Neuss","Zutatenverzeichnis: Wasser, 20% SAHNE, Sonnenblumenöl, modifizierte Stärke, Tomatenmark, Weißwein, 1,3% EIGELB, Hefeextrakt, Jodsalz (Salz, Kaliumjodat), Weinbrand, Zitronensaftkonzentrat, Schalottenzwiebel, Karamellzucker, Knoblauchpulver, Maltodextrin, Verdickungsmittel Xanthan. Kann SELLERIE und GLUTENHALTIGES GETREIDE enthalten.",611,148,"13,7","3,2","4,3","1,1","1,2","1,1",https://www.edeka24.de/Lebensmittel/Sossen/Fertige-Sossen/Thomy-Les-Sauces-Pfannen-Sahne-Sauce-250ML.html,https://www.edeka24.de/out/pictures/generated/product/1/540_540_90/thomylspfanne.jpg
1863,Lebensmittel,Soßen,Fertige Soßen,Thomy Les Sauces Lachs Sahne-Sauce 250ML,"1,19 €","4,76 €/l","inkl. MwSt., zzgl. 4.95 € Versandkosten.",lieferbar innerhalb von 2-5 Werktagen,2023-05-03 00:39:32.594077,Sahne-Sauce für Lachs,Hinweis zur Aufbewahrung: Reste im Kühlschrank aufbewahren und spätestens am nächsten Tag verbrauchen.,"Verantwortliches Lebensmittelunternehmen:
Nestlé Deutschland AG, Industriestraße 42-44, 41460 Neuss","Zutatenverzeichnis: Wasser, Sonnenblumenöl, 9,9 % SCHLAGSAHNE, Tomatenmark, modifizierte Stärke, 1,3% EIGELB, Zitronensaft aus Zitronensaftkonzentrat, Zwiebeln, Knoblauch, Jodsalz (Salz, Kaliumjodat), Zucker, Aromen (mit FISCH), Hefeextrakt, Verdickungsmittel Xanthan.",746,181,"17,5","3,5","4,8","1,4","0,9","0,89",https://www.edeka24.de/Lebensmittel/Sossen/Fertige-Sossen/Thomy-Les-Sauces-Lachs-Sahne-Sauce-250ML.html,https://www.edeka24.de/out/pictures/generated/product/1/540_540_90/thomy_les_sauces_sahnesauce_fr_lachs_250_ml.jpg
1864,Lebensmittel,Soßen,Fertige Soßen,Thomy Les Sauces Béarnaise 250ML,"1,19 €","4,76 €/l","inkl. MwSt., zzgl. 4.95 € Versandkosten.",lieferbar innerhalb von 2-5 Werktagen,2023-05-03 00:39:36.275964,Sauce Béarnaise,Hinweis zur Aufbewahrung: Reste im Kühlschrank aufbewahren und spätestens am nächsten Tag verbrauchen.,"Verantwortliches Lebensmittelunternehmen:
Nestlé Deutschland AG, Industriestraße 42-44, 41460 Neuss","Zutatenverzeichnis: Wasser, 15% Sonnenblumenöl, 4,1% EIGELB, modifizierte Stärke, Estragon, Jodsalz (Salz, Kaliumjodat), Zitronensaft aus Zitronensaftkonzentrat, Weißweinessig, Pfeffer, Zucker, Würze (aus WEIZEN), Paprikaextrakt, Salz, natürliche Aromen (mit MILCH), Verdickungsmittel Xanthan.",706,171,"16,4","1,9","4,7","1,7","0,8","0,96",https://www.edeka24.de/Lebensmittel/Sossen/Fertige-Sossen/Thomy-Les-Sauces-B-arnaise-250ML.html,https://www.edeka24.de/out/pictures/generated/product/1/540_540_90/thomy_les_sauces_barnaise(1).jpg
1865,Lebensmittel,Soßen,Fertige Soßen,Alnatura Bio Thai Kokos Curry 325ML,"2,49 €","7,66 €/l","inkl. MwSt., zzgl. 4.95 € Versandkosten.",lieferbar innerhalb von 2-5 Werktagen,2023-05-03 00:39:39.602525,"Bio Curry-Sauce, thailändisch gewürzt",Hinweis zur Aufbewahrung: Nach dem Öffnen im Kühlschrank aufbewahren und innerhalb von 2-3 Tagen verbrauchen.,"Verantwortliches Lebensmittelunternehmen:
Alnatura Produktions- und Handels GmbH, Mahatma-Gandhi-Str. 7, 64295 Darmstadt","Zutatenverzeichnis: Wasser, Apfelmark*, Kokosmilch* 8% (Kokosextrakt* 60%, Wasser, Verdickungsmittel: Guarkernmehl), Gemüsepaprika* 7%, Zwiebeln* 6%, Rohrohrzucker*, Karotten* 4%, Sonnenblumenöl*, Kokosraspel* 2,5%, MAGERMILCHPULVER*, Maisstärke*, Tomatenmark* zweifach konzentriert, Meersalz, CURRYPULVER* 1% (Koriandersamen*, Kurkuma*, Pfeffer*, Kümmel*, Fenchel*, Bockshornklee*, Ingwer*), Zitronensaftkonzentrat*, Verdickungsmittel: Johannisbrotkernmehl*, Kreuzkümmel*, Chili*, Kurkuma*, Paprika* *aus biologischer Landwirtschaft. Kann Spuren von SOJA, CASHEWNUSS und SELLERIE enthalten.",474,114,"6,7","3,3",11,"7,9","1,5","1,1",https://www.edeka24.de/Lebensmittel/Sossen/Fertige-Sossen/Alnatura-Bio-Thai-Kokos-Curry-325ML.html,https://www.edeka24.de/out/pictures/generated/product/1/540_540_90/bio_alnatura_thai_kokos_curry_325ml.jpg
1866,Lebensmittel,Soßen,Fertige Soßen,Thomy Les Sauces Hollandaise Legérè 250ML,"1,19 €","4,76 €/l","inkl. MwSt., zzgl. 4.95 € Versandkosten.",lieferbar innerhalb von 2-5 Werktagen,2023-05-03 00:39:43.792009,Fettreduzierte Sauce Hollandaise,Hinweis zur Aufbewahrung: Reste im Kühlschrank aufbewahren und spätestens am nächsten Tag verbrauchen.,"Verantwortliches Lebensmittelunternehmen:
Nestlé Deutschland AG, 41415 Neuss","Zutatenverzeichnis: Trinkwasser, 7% Sonnenblumenöl, modifizierte Stärke, 1,4% EIGELB, Zucker, Jodsalz, Zitronensaft aus Zitronensaftkonzentrat, Weißweinessig, Hefeextrakt,Zwiebelpulver, Aromen (mit EI, MILCH, SENFÖL), Zwiebelpulver, Verdickungsmittel Xanthan.",390,94,"7,6","0,8","5,6","1,9","0,5","1,1",https://www.edeka24.de/Lebensmittel/Sossen/Fertige-Sossen/Thomy-Les-Sauces-Hollandaise-Leg-r-250ML.html,https://www.edeka24.de/out/pictures/generated/product/1/540_540_90/thomy_les_sauces_hollandaise_legr_250_ml.jpg
1867,Lebensmittel,Soßen,Fertige Soßen,Thomy Les Sauces Hollandaise Zitrone 250ML,"1,19 €","4,76 €/l","inkl. MwSt., zzgl. 4.95 € Versandkosten.",lieferbar innerhalb von 2-5 Werktagen,2023-05-03 00:39:47.372900,Sauce Hollandaise mit Zitronensaft,Hinweis zur Aufbewahrung: Reste im Kühlschrank aufbewahren und am nächsten Tag verbrauchen.,"Verantwortliches Lebensmittelunternehmen:
Nestlé Deutschland AG, Industriestraße 42-44, 41460 Neuss","Zutatenverzeichnis: Wasser, 12% Sonnenblumenöl, 5,1 % Zitronensaft aus Zitronensaftkonzentrat, modifizierte Stärke, 3,5 % EIGELB, Jodsalz (Salz, Kaliumjodat), Zwiebeln, weißer Pfeffer, Zucker, Aromen (mit MILCH), Verdickungsmittel Xanthan, Würze (aus WEIZEN).",596,144,"13,3","1,5","5,3",2,"0,7","0,93",https://www.edeka24.de/Lebensmittel/Sossen/Fertige-Sossen/Thomy-Les-Sauces-Hollandaise-Zitrone-250ML.html,https://www.edeka24.de/out/pictures/generated/product/1/540_540_90/thomy_les_sauces_hollandaise_zitrone250ml.jpg
1868,Lebensmittel,Soßen,Fertige Soßen,Thomy Les Sauces Curry Sauce 250ML,"1,19 €","4,76 €/l","inkl. MwSt., zzgl. 4.95 € Versandkosten.",lieferbar innerhalb von 2-5 Werktagen,2023-05-03 00:39:51.193008,Curry Sauce,Hinweis zur Aufbewahrung: Reste im Kühlschrank aufbewahren und spätestens am nächsten Tag verbrauchen.,"Verantwortliches Lebensmittelunternehmen:
Nestlé Deutschland AG, Industriestraße 42-44, 41460 Neuss","Zutatenverzeichnis: Wasser, SCHLAGSAHNE, Sonnenblumenöl, 3,5% Ananaspüree, Stärke, 2,7% EIGELB, Curry (Kurkuma, SENFKÖRNER, Bockshornklee, Koriander, Kreuzkümmel, WEIZENMEHL, Salz, Chili, Fenchel, Zwiebeln), 1% Bananenpüree, Apfelpulver, Gewürze (Zwiebeln, Ingwer, Kurkuma, Zimt, Koriander, Kreuzkümmel, Chili, Paprika), Tomatenmark, Jodsalz (Salz, Kaliumjodat), Zucker.",623,150,13,3,"7,1","3,5","0,9","0,98",https://www.edeka24.de/Lebensmittel/Sossen/Fertige-Sossen/Thomy-Les-Sauces-Curry-Sauce-250ML.html,https://www.edeka24.de/out/pictures/generated/product/1/540_540_90/thomy_les_sauces_curry_sauce_250ml.jpg
1869,Lebensmittel,Soßen,Fertige Soßen,Thomy Les Sauces Béchamel 250ML,"1,19 €","4,76 €/l","inkl. MwSt., zzgl. 4.95 € Versandkosten.",lieferbar innerhalb von 2-5 Werktagen,2023-05-03 00:39:54.578163,Sauce Béchamel,Hinweis zur Aufbewahrung: Reste im Kühlschrank aufbewahren und spätestens am nächsten Tag verbrauchen.,"Verantwortliches Lebensmittelunternehmen:
Nestlé Deutschland AG, Industriestraße 42-44, 41460 Neuss","Zutatenverzeichnis: Wasser, Sonnenblumenöl, modifizierte Stärke, WEIZENMEHL, MAGERMILCHPULVER, 1,2% EIGELB, Zwiebeln, Muskatnuss, Jodsalz (Salz, Kaliumjodat), Aromen, Zucker, Hefeextrakt, Verdickungsmittel Xanthan. Kann SELLERIE, SENF und SOJA enthalten.",753,182,"17,4","1,8","4,9","1,3","1,4","0,93",https://www.edeka24.de/Lebensmittel/Sossen/Fertige-Sossen/Thomy-Les-Sauces-B-chamel-250ML.html,https://www.edeka24.de/out/pictures/generated/product/1/540_540_90/thomy_les_sauces_bchamel.jpg
1870,Lebensmittel,Soßen,Fertige Soßen,Knorr Sauce Hollandaise light 250ML,"1,39 €","5,56 €/l","inkl. MwSt., zzgl. 4.95 € Versandkosten.",lieferbar innerhalb von 2-5 Werktagen,2023-05-03 00:39:58.617108,Sauce Hollandaise light,Hinweis zur Aufbewahrung: Nicht unter +5°C lagern. Nach dem Öffnen im Kühlschrank aufbewahren und innerhalb von 2 Tagen verbrauchen.,"Verantwortliches Lebensmittelunternehmen:
Unilever Deutschland, Postfach 570237, 22771 Hamburg","Zutatenverzeichnis: Trinkwasser, pflanzliche Öle (Palm, Raps), EIGELB, modifizierte Stärke, MAGERMILCHPULVER, Zucker, Zitronensaftkonzentrat, Speisesalz, Verdickungsmittel (Xanthan, Guarkernmehl, Johannisbrotkernmehl), Säureregulator Milchsäure, jodiertes Speisesalz, Aromen (mit SELLERIE), Hefeextrakt. Kann Spuren von GLUTEN, SOJA und SENF enthalten.",725,173,15,"5,3","6,1",3,"2,1","0,91",https://www.edeka24.de/Lebensmittel/Sossen/Fertige-Sossen/Knorr-Sauce-Hollandaise-light-250ML-oxid.html,https://www.edeka24.de/out/pictures/generated/product/1/540_540_90/knorr_sauce_hollandaise_light_250ml.jpg
1871,Lebensmittel,Soßen,Fonds-Soßenbinder,Mondamin Klassische Mehlschwitze dunkel 250G,"1,69 €","6,76 €/kg","inkl. MwSt., zzgl. 4.95 € Versandkosten.",lieferbar innerhalb von 2-5 Werktagen,2023-05-03 00:40:02.208639,Mehlschwitze Basis für dunkle* Saucen,,"Verantwortliches Lebensmittelunternehmen:
Unilever Deutschland Holding GmbH, Am Strandkai 1 , D-20457 Hamburg","Zutatenverzeichnis: WEIZENMEHL, Palmfett, Farbstoff E 150 C.",575,2381,40,30,47,"0,7","6,2","0,01",https://www.edeka24.de/Lebensmittel/Sossen/Fonds-Sossenbinder/Mondamin-Klassische-Mehlschwitze-dunkel-250G.html,https://www.edeka24.de/out/pictures/generated/product/1/540_540_90/mondamehlschwdunkel.jpg
1872,Lebensmittel,Soßen,Fonds-Soßenbinder,EDEKA Genussmomente Gemüsefond 400ML,"2,29 €","5,73 €/l","inkl. MwSt., zzgl. 4.95 € Versandkosten.",lieferbar innerhalb von 2-5 Werktagen,2023-05-03 00:40:05.922948,-,Hinweis zur Aufbewahrung: Nach dem Öffnen im Kühlschrank lagern und innerhalb von 3 Tagen verbrauchen.,"Verantwortliches Lebensmittelunternehmen:
EDEKA ZENTRALE Stiftung & Co. KG, D-22291 Hamburg","Zutatenverzeichnis: Wasser, Weißwein, Speisesalz, Tomatenmark doppelt konzentriert, SOJASAUCE (Wasser, SOJABOHNEN, Speisesalz, WEIZENMEHL), 0,5% Karottensaftkonzentrat, 0,3% Zwiebelsaftkonzentrat, 0,3% Lauchsaftkonzentrat, Zucker, natives Olivenöl extra, Sonnenblumenöl, 0,1% SELLERIESAFTKONZENTRAT, Kräuter, Gewürze.",26,6,"0,1","0,1",1,"0,6","0,2","1,2",https://www.edeka24.de/Lebensmittel/Sossen/Fonds-Sossenbinder/EDEKA-Genussmomente-Gemuesefond-400ML.html,https://www.edeka24.de/out/pictures/generated/product/1/540_540_90/edeka_genussmomente_gemamp252sefond_400ml.jpg
1873,Lebensmittel,Soßen,Fonds-Soßenbinder,Mondamin Klassische Mehlschwitze hell 250G,"1,69 €","6,76 €/kg","inkl. MwSt., zzgl. 4.95 € Versandkosten.",lieferbar innerhalb von 2-5 Werktagen,2023-05-03 00:40:09.524897,Mehlschwitze hell - Basis für helle Saucen,,"Verantwortliches Lebensmittelunternehmen:
Unilever Deutschland Holding GmbH, Am Strandkai 1 , D-20457 Hamburg","Zutatenverzeichnis: WEIZENMEHL, Palmfett.",582,2408,40,30,46,"0,5","6,4","0,01",https://www.edeka24.de/Lebensmittel/Sossen/Fonds-Sossenbinder/Mondamin-Klassische-Mehlschwitze-hell-250G.html,https://www.edeka24.de/out/pictures/generated/product/1/540_540_90/mondamehlschwhell.jpg
1874,Lebensmittel,Soßen,Fonds-Soßenbinder,Mondamin Soßenbinder dunkel 250G,"1,69 €","6,76 €/kg","inkl. MwSt., zzgl. 4.95 € Versandkosten.",lieferbar innerhalb von 2-5 Werktagen,2023-05-03 00:40:12.732491,Saucenbinder dunkel,,"Verantwortliches Lebensmittelunternehmen:
Unilever Deutschland Holding GmbH, Am Strandkai 1 , D-20457 Hamburg","Zutatenverzeichnis: Kartoffelstärke, MILCHZUCKER, Maltodextrin, Reismehl, Farbstoff E 150 C.",360,1517,"0,5","0,1",88,23,"0,6","0,01",https://www.edeka24.de/Lebensmittel/Sossen/Fonds-Sossenbinder/Mondamin-Sossenbinder-dunkel-250G.html,https://www.edeka24.de/out/pictures/generated/product/1/540_540_90/mondamin_fix_soenbinder_dunkel.jpg
1875,Lebensmittel,Soßen,Fonds-Soßenbinder,Mondamin Soßenbinder für Gemüse 250G,"1,69 €","6,76 €/kg","inkl. MwSt., zzgl. 4.95 € Versandkosten.",lieferbar innerhalb von 2-5 Werktagen,2023-05-03 00:40:16.275325,Saucenbinder für Gemüse,,"Verantwortliches Lebensmittelunternehmen:
Unilever Deutschland Holding GmbH, Am Strandkai 1 , D-20457 Hamburg","Zutatenverzeichnis: Mehl (WEIZEN, Reis), Palmfett, Stärke, modifizierte Stärke, jodiertes Speisesalz, Maltodextrin, MILCHZUCKER, Hefeextrakt, Gewürze, Kräuter, SELLERIEBLÄTTER, Säuerungsmittel Citronensäure, Gewürzextrakte. Kann Spuren von Ei enthalten.",480,2000,25,19,57,4,"4,5","6,3",https://www.edeka24.de/Lebensmittel/Sossen/Fonds-Sossenbinder/Mondamin-Sossenbinder-fuer-Gemuese-250G.html,https://www.edeka24.de/out/pictures/generated/product/1/540_540_90/mondasobikruter.jpg
1876,Lebensmittel,Soßen,Fonds-Soßenbinder,Lacroix Gemüse Fond 400ML,"3,49 €","8,73 €/l","inkl. MwSt., zzgl. 4.95 € Versandkosten.",lieferbar innerhalb von 2-5 Werktagen,2023-05-03 00:40:19.781480,-,Hinweis zur Aufbewahrung: Vor Gebrauch gut schütteln. Nicht benötigte Mengen max. 2 Tage kühl aufbewahren oder in Eiswürfelbeuteln einfrieren.,"Verantwortliches Lebensmittelunternehmen:
Eugen Lacroix GmbH, Postfach 108120, D-23530 Lübeck","Zutatenverzeichnis: Gemüsebrühe (Wasser, Karotten, Blumenkohl, Zwiebeln, Lauch, Tomaten, Paprika, Brokkoli, SELLERIE), Salz, pflanzliche Öle (Sonnenblumenöl, SOJAÖL), Aroma (enthält SELLERIE), Speisewürze (enthält SOJA), Kräuter (enthält SELLERIE), Gewürze (enthält SELLERIE), Zucker, Palmfett, Dextrose, Maltodextrin, Hefeextrakt (enthält WEIZEN).",35,8,"0,1",0,"1,3","0,9","0,4","0,94",https://www.edeka24.de/Lebensmittel/Sossen/Fonds-Sossenbinder/Lacroix-Gemuese-Fond-400ML.html,https://www.edeka24.de/out/pictures/generated/product/1/540_540_90/lacroix_gemse_fond_400ml.jpg
1877,Lebensmittel,Soßen,Fonds-Soßenbinder,Lacroix Pilz-Paste 40G,"1,39 €","34,75 €/kg","inkl. MwSt., zzgl. 4.95 € Versandkosten.",lieferbar innerhalb von 2-5 Werktagen,2023-05-03 00:40:23.180360,-,,"Verantwortliches Lebensmittelunternehmen:
Importhaus Wilms/Impuls GmbH & Co. KG., 65396 Walluf","Zutatenverzeichnis: Zutaten: Maltodextrin, Kartoffelstärke, Palmfett, Rapsöl, Salz, Zwiebeln, Würze (SOJA), Aroma (WEIZEN), Steinpilze 1,8%, Gewürze.",2094,503,35,12,44,"5,0","3,0",11,https://www.edeka24.de/Lebensmittel/Sossen/Fonds-Sossenbinder/Lacroix-Pilz-Paste-40G.html,https://www.edeka24.de/out/pictures/generated/product/1/540_540_90/24079679_digital-image_400x.png
1878,Lebensmittel,Soßen,Fonds-Soßenbinder,EDEKA Genussmomente Geflügelfond 400ML,"2,29 €","5,73 €/l","inkl. MwSt., zzgl. 4.95 € Versandkosten.",lieferbar innerhalb von 2-5 Werktagen,2023-05-03 00:40:26.287780,-,Hinweis zur Aufbewahrung: Nach dem Öffnen im Kühlschrank lagern und innerhalb von 3 Tagen verbrauchen.,"Verantwortliches Lebensmittelunternehmen:
EDEKA ZENTRALE Stiftung & Co. KG, D-22291 Hamburg","Zutatenverzeichnis: Wasser, Weißwein, 0,9% konzentrierte Hühnerbrühe (Wasser, Hühnerfleisch), Speisesalz, Zwiebelsaftkonzentrat, Karottensaftkonzentrat, Hühnerfett, Zwiebelpulver, Pastinakenpulver, Knoblauchpulver, Algenkonzentrat, Gewürze, Kräuter.",38,9,"0,6","0,1","0,3","0,2","0,6","1,1",https://www.edeka24.de/Lebensmittel/Sossen/Fonds-Sossenbinder/EDEKA-Genussmomente-Gefluegelfond-400ML.html,https://www.edeka24.de/out/pictures/generated/product/1/540_540_90/edeka_genussmomente_geflamp252gelfond_400ml.jpg
1879,Lebensmittel,Soßen,Fonds-Soßenbinder,Lacroix Kalbs Fond 400ML,"3,49 €","8,73 €/l","inkl. MwSt., zzgl. 4.95 € Versandkosten.",lieferbar innerhalb von 2-5 Werktagen,2023-05-03 00:40:29.463369,-,Hinweis zur Aufbewahrung: Vor Gebrauch gut schütteln. Nicht benötigte Mengen max. 2 Tage kühl aufbewahren oder in Eiswürfelbeuteln einfrieren.,"Verantwortliches Lebensmittelunternehmen:
Eugen Lacroix GmbH, Postfach 108120, D-23530 Lübeck","Zutatenverzeichnis: Kalbsbrühe (Wasser, Kalbfleisch, Rindfleisch), Salz, Maltodextrin, Dextrose, Aroma, Hefeextrakt.",24,6,0,0,"0,9","0,3","0,5","0,7",https://www.edeka24.de/Lebensmittel/Sossen/Fonds-Sossenbinder/Lacroix-Kalbs-Fond-400ML.html,https://www.edeka24.de/out/pictures/generated/product/1/540_540_90/lacroix_kalbs_fond_400ml.jpg
1880,Lebensmittel,Soßen,Fonds-Soßenbinder,Lacroix Rinder-Paste 40G,"1,49 €","37,25 €/kg","inkl. MwSt., zzgl. 4.95 € Versandkosten.",lieferbar innerhalb von 2-5 Werktagen,2023-05-03 00:40:32.972674,Rinder-Paste,,"Verantwortliches Lebensmittelunternehmen:
Importhaus Wilms/Impuls GmbH & Co. KG., 65396 Walluf","Zutatenverzeichnis: Maltodextrin, Palmfett, Rapsöl, Speisesalz, Kartoffelstärke, Würze (WEIZEN, SOJA), Hefeextrakt, Aroma (WEIZEN), Zwiebeln, Rindfleischextrakt 0,8%, Farbstoff: Ammoniak-Zuckerkulör, Petersilie, Pfeffer.",2060,495,g,"10,1","40,7",g,"5,8","13,3",https://www.edeka24.de/Lebensmittel/Sossen/Fonds-Sossenbinder/Lacroix-Rinder-Paste-40G.html,https://www.edeka24.de/out/pictures/generated/product/1/540_540_90/lacroix_rinderpaste_40g.jpg
1881,Lebensmittel,Soßen,Fonds-Soßenbinder,EDEKA Genussmomente Rinderfond 400ML,"2,29 €","5,73 €/l","inkl. MwSt., zzgl. 4.95 € Versandkosten.",lieferbar innerhalb von 2-5 Werktagen,2023-05-03 00:40:36.316744,-,Hinweis zur Aufbewahrung: Nach dem Öffnen im Kühlschrank lagern und innerhalb von 3 Tagen verbrauchen.,"Verantwortliches Lebensmittelunternehmen:
EDEKA ZENTRALE AG & Co. KG, New York Ring 6, D-22297 Hamburg","Zutatenverzeichnis: Wasser, Rotwein, Speisesalz, 0,4% Rindfleischbrühe (Wasser, Rindfleisch, Rinderknochen), Honig, Rinderfett, Karottensaftkonzentrat, Tomatensaftkonzentrat, Zucker, Zwiebelsaftkonzentrat, Knoblauchsaftkonzentrat, Zwiebelpulver, SENFSAAT, Petersilienlaub, Champignonpulver, Knoblauchpulver, Karamellzuckersirup, Branntweinessig, Paprikapulver, Gewürze.",30,7,"0,1","0,1","0,8","0,7","0,7","1,4",https://www.edeka24.de/Lebensmittel/Sossen/Fonds-Sossenbinder/EDEKA-Genussmomente-Rinderfond-400ML.html,https://www.edeka24.de/out/pictures/generated/product/1/540_540_90/edeka_genussmomente_rinderfond_400ml.jpg
1882,Lebensmittel,Soßen,Fonds-Soßenbinder,Mondamin Soßenbinder hell 250G,"1,69 €","6,76 €/kg","inkl. MwSt., zzgl. 4.95 € Versandkosten.",lieferbar innerhalb von 2-5 Werktagen,2023-05-03 00:40:39.594470,Saucenbinder hell,,"Verantwortliches Lebensmittelunternehmen:
Unilever Deutschland Holding GmbH, Am Strandkai 1 , D-20457 Hamburg","Zutatenverzeichnis: Kartoffelstärke, MILCHZUCKER, Maltodextrin, Reismehl.",1557,369,"0,5","0,1",90,26,"0,6","0,01",https://www.edeka24.de/Lebensmittel/Sossen/Fonds-Sossenbinder/Mondamin-Sossenbinder-hell-250G.html,https://www.edeka24.de/out/pictures/generated/product/1/540_540_90/mondamin_soenbinder_hell.jpg
1883,Lebensmittel,Soßen,Fonds-Soßenbinder,Lacroix Rinder Fond 400ML,"3,49 €","8,73 €/l","inkl. MwSt., zzgl. 4.95 € Versandkosten.",lieferbar innerhalb von 2-5 Werktagen,2023-05-03 00:40:44.204219,-,Hinweis zur Aufbewahrung: Vor Gebrauch gut schütteln. Nicht benötigte Mengen max. 2 Tage kühl aufbewahren oder in Eiswürfelbeuteln einfrieren.,"Verantwortliches Lebensmittelunternehmen:
Eugen Lacroix GmbH, Postfach 108120, D-23530 Lübeck","Zutatenverzeichnis: Rinderbrühe (Wasser, Rindfleischextrakt), Salz, Speisewürze (enthält SOJA), Aroma (enthält MILCH, SELLERIE), HÜHNEREIWEIß, Zucker, Palmfett, Gewürze (enthält SELLERIE).",17,4,"0,1",g,"0,2","0,2","0,6","1,1",https://www.edeka24.de/Lebensmittel/Sossen/Fonds-Sossenbinder/Lacroix-Rinder-Fond-400ML.html,https://www.edeka24.de/out/pictures/generated/product/1/540_540_90/lacroix_rinder_fond_400ml.jpg
1884,Lebensmittel,Soßen,Fonds-Soßenbinder,Lacroix Braten Fond 400ML,"3,49 €","8,73 €/l","inkl. MwSt., zzgl. 4.95 € Versandkosten.",lieferbar innerhalb von 2-5 Werktagen,2023-05-03 00:40:48.413591,-,Hinweis zur Aufbewahrung: Vor Gebrauch gut schütteln. Nicht benötigte Mengen max. 2 Tage kühl aufbewahren oder in Eiswürfelbeuteln einfrieren.,"Verantwortliches Lebensmittelunternehmen:
Eugen Lacroix GmbH, Postfach 108120, D-23530 Lübeck","Zutatenverzeichnis: Rinderbrühe (Wasser, Rindfleischextrakt), Salz, Kräuter (enthält SELLERIE), Gewürze (enthält SELLERIE), Aroma (enthält SELLERIE), Speisewürze (enthält SOJA), Tomatenpulver, Zucker, Palmfett, Maltodextrin, Dextrose, pflanzliche Öle (Sonnenblumenöl, SOJAÖL), Hefeextrakt (enthält WEIZEN).",28,7,"0,1",g,"0,4","0,3",1,"0,95",https://www.edeka24.de/Lebensmittel/Sossen/Fonds-Sossenbinder/Lacroix-Braten-Fond-400ML.html,https://www.edeka24.de/out/pictures/generated/product/1/540_540_90/lacroix_braten_fond_400ml.jpg
1885,Lebensmittel,Soßen,Fonds-Soßenbinder,Little Lunch Bio Rind Knochen-Fond 400ML,"3,29 €","8,23 €/l","inkl. MwSt., zzgl. 4.95 € Versandkosten.",lieferbar innerhalb von 2-5 Werktagen,2023-05-03 00:40:52.090628,-,Hinweis zur Aufbewahrung: Nach dem Öffnen im Kühlschrank lagern und rasch konsumieren.,"Verantwortliches Lebensmittelunternehmen:
littlelunch GmbH, Am alten Schlachthof 1, 86153 Augsburg","Zutatenverzeichnis: Wasser, Rinderknochen* 10%, Karotten*, Tomaten*, Zwiebeln*, SELLERIE*, Knoblauch*, Salz, Petersilie*, Liebstöckel*, Pfeffer*, Lorbeer*, Sojasauce (Wasser, SOJA*, WEIZEN*, Meersalz, Koji (Aspergilus oryzae)). *aus kontrolliert biologischer Erzeugung",15,3,"0,2",0,"0,2",0,"0,7","0,9",https://www.edeka24.de/Lebensmittel/Sossen/Fonds-Sossenbinder/Little-Lunch-Bio-Rind-Knochen-Fond-400ML.html,https://www.edeka24.de/out/pictures/generated/product/1/540_540_90/llknoforind.jpg
1886,Lebensmittel,Soßen,Fonds-Soßenbinder,Little Lunch Bio Geflügel Knochen-Fond 400ML,"3,29 €","8,23 €/l","inkl. MwSt., zzgl. 4.95 € Versandkosten.",lieferbar innerhalb von 2-5 Werktagen,2023-05-03 00:40:56.233187,Bio Hühnerknochen-Fond,Hinweis zur Aufbewahrung: Nach dem Öffnen im Kühlschrank lagern und rasch konsumieren.,"Verantwortliches Lebensmittelunternehmen:
littlelunch GmbH, Am alten Schlachthof 1, 86153 Augsburg","Zutatenverzeichnis: Wasser, Hühnerknochen* 10%, Karotten*, Zwiebeln*, SELLERIE*, Salz, Liebstöckel*, Pfeffer*, Thymian*, Lorbeer* *aus kontrolliert biologischer Erzeugung",15,3,"0,06","0,03","0,2",0,"0,5",1,https://www.edeka24.de/Lebensmittel/Sossen/Fonds-Sossenbinder/Little-Lunch-Bio-Gefluegel-Knochen-Fond-400ML.html,https://www.edeka24.de/out/pictures/generated/product/1/540_540_90/llknofogef.jpg
1887,Lebensmittel,Soßen,Fonds-Soßenbinder,Lacroix Geflügelfond 400ML,"3,49 €","8,73 €/l","inkl. MwSt., zzgl. 4.95 € Versandkosten.",lieferbar innerhalb von 2-5 Werktagen,2023-05-03 00:41:00.655521,-,Hinweis zur Aufbewahrung: Nicht benötigte Mengen max. 2 Tage kühl aufbewahren oder in Eiswürfelbeuteln einfrieren. Vor Gebrauch gut schütteln.,"Verantwortliches Lebensmittelunternehmen:
Eugen Lacroix GmbH, Postfach 108120, D-23530 Lübeck","Zutatenverzeichnis: Hühnerbrühe (Wasser, Hühnerfleisch) (enthält EI), Salz, HÜHNEREIWEIß, Speisewürze (enthält SOJA), Aroma (enthält MILCH), Zucker, Palmfett, Gewürze (enthält SELLERIE), Hefeextrakt (enthält GERSTE).",7,29,"0,1",0,"0,6","0,4","0,9","1,1",https://www.edeka24.de/Lebensmittel/Sossen/Fonds-Sossenbinder/Lacroix-Gefluegelfond-400ML.html,https://www.edeka24.de/out/pictures/generated/product/1/540_540_90/lacroix_geflgelfond_400ml.jpg
1888,Lebensmittel,Soßen,Fonds-Soßenbinder,Lacroix Lamm Fond 400ML,"3,49 €","8,73 €/l","inkl. MwSt., zzgl. 4.95 € Versandkosten.",lieferbar innerhalb von 2-5 Werktagen,2023-05-03 00:41:04.432093,-,Hinweis zur Aufbewahrung: Vor Gebrauch gut schütteln. Nicht benötigte Mengen max. 2 Tage kühl aufbewahren oder in Eiswürfelbeuteln einfrieren.,"Verantwortliches Lebensmittelunternehmen:
Eugen Lacroix GmbH, Postfach 108120, D-23530 Lübeck","Zutatenverzeichnis: Lammbrühe (Wasser, Lammfleisch, Rindfleischextrakt), Salz, Gemüseextrakt (Karotten, Knoblauch, Zwiebeln, SELLERIE, Tomaten, Lauch), Aroma, HÜHNEREIWEIß, Zucker, Maltodextrin, Palmöl, Kräuter- und Gewürzextrakt (Muskat, Lorbeer, Estragon, Pfeffer, Thymian, Zwiebeln), Hefeextrakt.",23,5,"0,1",g,"0,9","0,8","0,4","0,8",https://www.edeka24.de/Lebensmittel/Sossen/Fonds-Sossenbinder/Lacroix-Lamm-Fond-400ML.html,https://www.edeka24.de/out/pictures/generated/product/1/540_540_90/laclamfon.jpg
1889,Lebensmittel,Soßen,Fonds-Soßenbinder,Englert Lamm-Jus 200ML,"2,19 €","10,95 €/l","inkl. MwSt., zzgl. 4.95 € Versandkosten.",lieferbar innerhalb von 2-5 Werktagen,2023-05-03 00:41:09.340374,Lamm-Jus,,"Verantwortliches Lebensmittelunternehmen:
Englert Feinkostspezialitäten GmbH & Co.KG, Rechtenbacher Str. 33, 97816 Lohr am Main","Zutatenverzeichnis: Lammbrühe (Wasser, Lammknochen, Zwiebeln, jodiertes Speisesalz), Rotwein (enthält SULFITE), Tomatenmark SELLERIE, Karotten, Rindfleischextrakt, modifizierte Wachsmaisstärke, Rapsöl, Gewürze, Verdickungsmittel: Guarkernmehl und Johannisbrotkernmehl, Zucker, färbendes Lebensmittel: Apfelextrakt, Gewürzextrakt.",54,13,"0,5","0,1","1,6","0,5","0,6","0,8",https://www.edeka24.de/Lebensmittel/Sossen/Fonds-Sossenbinder/Englert-Lamm-Jus-200ML.html,https://www.edeka24.de/out/pictures/generated/product/1/540_540_90/englertlamm-jus(1).jpg
1890,Lebensmittel,Soßen,Fonds-Soßenbinder,Englert Kalbs-Jus 200ML,"2,19 €","10,95 €/l","inkl. MwSt., zzgl. 4.95 € Versandkosten.",lieferbar innerhalb von 2-5 Werktagen,2023-05-03 00:41:13.353879,Kalb Jus,,"Verantwortliches Lebensmittelunternehmen:
Englert Feinkostspezialitäten GmbH & Co.KG, Rechtenbacher Str. 33, 97816 Lohr am Main","Zutatenverzeichnis: Kalbsbrühe (Wasser, Kalbsknochen, Zwiebeln, jodiertes Speisesalz), Weißwein (enthält SULFITE), Tomatenmark, SELLERIE, Karotten, Rindfleischextrakt, modifizierte Wachsmaisstärke, Verdickungsmittel: Guarkernmehl und Johannisbrotkernmehl, Rapsöl, Gewürze, Gewürzextrakt, Zucker, färbendes Lebensmittel: Apfelextrakt.",46,11,"0,5","0,1","1,3","0,5","0,6","0,6",https://www.edeka24.de/Lebensmittel/Sossen/Fonds-Sossenbinder/Englert-Kalbs-Jus-200ML.html,https://www.edeka24.de/out/pictures/generated/product/1/540_540_90/englertkalbs-jus.jpg
1891,Lebensmittel,Soßen,Fonds-Soßenbinder,Englert Geflügel-Jus 200ML,"2,19 €","10,95 €/l","inkl. MwSt., zzgl. 4.95 € Versandkosten.",lieferbar innerhalb von 2-5 Werktagen,2023-05-03 00:41:18.039423,Geflügel-Jus,,"Verantwortliches Lebensmittelunternehmen:
Englert Feinkostspezialitäten GmbH & Co.KG, Rechtenbacher Str. 33, 97816 Lohr am Main","Zutatenverzeichnis: Geflügelbrühe (Wasser, Suppenhühner, Zwiebeln, jodiertes Speisesalz), Weißwein (enthält SULFITE), Tomatenmark, SELLERIE, Karotten, Hühnerfleischextrakt, modifizierte Wachsmaisstärke, Verdickungsmittel: Guarkernmehl und Johannisbrotkernmehl, Rapsöl, Gewürze, Gewürzextrakt, Zucker, färbendes Lebensmittel: Apfelextrakt.",46,11,"0,5","0,1","1,3","0,5","0,6","0,8",https://www.edeka24.de/Lebensmittel/Sossen/Fonds-Sossenbinder/Englert-Gefluegel-Jus-200ML.html,https://www.edeka24.de/out/pictures/generated/product/1/540_540_90/englertgeflgel-jus.jpg
1892,Lebensmittel,Soßen,Fonds-Soßenbinder,Englert Rinder-Jus 200ML,"2,19 €","10,95 €/l","inkl. MwSt., zzgl. 4.95 € Versandkosten.",lieferbar innerhalb von 2-5 Werktagen,2023-05-03 00:41:21.641439,Rinder-Jus,,"Verantwortliches Lebensmittelunternehmen:
Englert Feinkostspezialitäten GmbH & Co.KG, 97801 Lohr a. Main","Zutatenverzeichnis: Rinderbrühe (Wasser, Rinderknochen, Zwiebeln, jodiertes Speisesalz), Rotwein (enthält SULFITE), Tomatenmark, SELLERIE, Karotten, Rindfleischextrakt, modifizierte Wachsmaisstärke, Verdickungsmittel: Guarkernmehl und Johannisbrotkernmehl, Rapsöl, Gewürze, Gewürzextrakt, färbendes Lebensmittel: Apfelextrakt, Zucker.",46,11,"0,5","0,1","1,3","0,5","0,6","0,6",https://www.edeka24.de/Lebensmittel/Sossen/Fonds-Sossenbinder/Englert-Rinder-Jus-200ML.html,https://www.edeka24.de/out/pictures/generated/product/1/540_540_90/englertrinder-jus.jpg
1893,Lebensmittel,Soßen,Fonds-Soßenbinder,Englert Wild-Jus 200ML,"2,19 €","10,95 €/l","inkl. MwSt., zzgl. 4.95 € Versandkosten.",lieferbar innerhalb von 2-5 Werktagen,2023-05-03 00:41:24.677015,Wild-Jus,,"Verantwortliches Lebensmittelunternehmen:
Englert Feinkostspezialitäten GmbH & Co.KG, Rechtenbacher Str. 33, 97816 Lohr am Main","Zutatenverzeichnis: Wildbrühe (Wasser, Hirsch-/Rehknochen, Zwiebeln, jodiertes Speisesalz), Rotwein (enthält SULFITE), SELLERIE, Karotten, Tomatenmark, Rindfleischextrakt, modifizierte Wachsmaisstärke, Verdickungsmittel: Guarkernmehl und Johnnisbrotkernmehl, Rapsöl, Gewürze, Gewürzextrakt, Zucker, Branntweinessig (enthält SCHWEFELDIOXID), färbendes Lebensmittel: Apfelextrakt.",56,13,"0,5","0,1","1,6","0,5","0,7","0,8",https://www.edeka24.de/Lebensmittel/Sossen/Fonds-Sossenbinder/Englert-Wild-Jus-200ML.html,https://www.edeka24.de/out/pictures/generated/product/1/540_540_90/englertwild-jus.jpg
1894,Lebensmittel,Soßen,Fonds-Soßenbinder,Lacroix Fisch Fond 400ML,"3,49 €","8,73 €/l","inkl. MwSt., zzgl. 4.95 € Versandkosten.",lieferbar innerhalb von 2-5 Werktagen,2023-05-03 00:41:28.150519,-,Hinweis zur Aufbewahrung: Vor Gebrauch gut schütteln. Nicht benötigte Mengen max. 2 Tage kühl aufbewahren oder in Eiswürfelbeuteln einfrieren.,"Verantwortliches Lebensmittelunternehmen:
Eugen Lacroix GmbH, Postfach 108120, D-23530 Lübeck","Zutatenverzeichnis: Fischbrühe (Wasser, FISCHEXTRAKT, FISCHPULVER), Weißwein, Gemüseextrakt (Karotten, SELLERIE), Salz, Zitronensaft, Maisstärke, Sonnenblumenöl, Speisewürze (enthält SOJA), Maltodextrin, Kräuter, Gewürze (enthält SELLERIE), Zucker, Aroma, Palmfett, Pfefferextrakt, Hefeextrakt.",19,4,"0,1",0,"0,4","0,3","0,3","0,7",https://www.edeka24.de/Lebensmittel/Sossen/Fonds-Sossenbinder/Lacroix-Fisch-Fond-400ML.html,https://www.edeka24.de/out/pictures/generated/product/1/540_540_90/lacroix_fisch_fond_400ml.jpg
1895,Lebensmittel,Soßen,Fonds-Soßenbinder,Lacroix Wild Fond 400ML,"3,49 €","8,73 €/l","inkl. MwSt., zzgl. 4.95 € Versandkosten.",lieferbar innerhalb von 2-5 Werktagen,2023-05-03 00:41:32.225246,-,Hinweis zur Aufbewahrung: Vor Gebrauch gut schütteln. Nicht benötigte Mengen max. 2 Tage kühl aufbewahren oder in Eiswürfelbeuteln einfrieren.,"Verantwortliches Lebensmittelunternehmen:
Eugen Lacroix GmbH, Postfach 108120, D-23530 Lübeck","Zutatenverzeichnis: Wildbrühe (Wasser, Hasenfleisch, Rindfleisch), Gewürz- und Kräuterextrakt (Wasser, schwarzer Pfeffer, Wacholderbeeren, Lorbeer, Rosmarin, Thymian, Majoran, Salbei, Piment), Salz, Rotwein, Sojasauce (Wasser, SOJABOHNEN, WEIZEN, Salz), Speisewürze (enthält SOJA), Zucker, Kräuter, Gewürze (enthält SELLERIE), Palmfett, Palmöl, Maltodextrin, Glucose, HÜHNEREIWEIß, Knoblauchkonzentrat, Hefeextrakt.",26,6,"0,1",0,1,"0,6","0,3","0,8",https://www.edeka24.de/Lebensmittel/Sossen/Fonds-Sossenbinder/Lacroix-Wild-Fond-400ML.html,https://www.edeka24.de/out/pictures/generated/product/1/540_540_90/lacroix_wild_fond_400ml.jpg
1896,Lebensmittel,Soßen,Grillsaucen,Knorr Karibik Sauce 250ML,"1,59 €","6,36 €/l","inkl. MwSt., zzgl. 4.95 € Versandkosten.",lieferbar innerhalb von 2-5 Werktagen,2023-05-03 00:41:35.925414,Karibik Sauce,Hinweis zur Aufbewahrung: Nach dem Öffnen im Kühlschrank aufbewahren.,"Verantwortliches Lebensmittelunternehmen:
Unilever Deutschland, Postfach 570 237, 22771 Hamburg","Zutatenverzeichnis: Zutaten: Trinkwasser, Rapsöl, Zucker, 4% Tomatenmark, Branntweinessig, modifizierte Stärke, 2% Chilis, EIGELB, Speisesalz, Knoblauch, Gewürze (mit SENFSAAT), Paprika, Aromen, Antioxidationsmittel E 385.",1134,270,22,"1,8",20,14,"0,5","1,8",https://www.edeka24.de/index.php?cl=details&anid=c284d997e9c468369.60917650&emcs0=3&emcs1=Kategorieseite%20-%20Topseller&emcs2=&emcs3=1413774009,https://www.edeka24.de/out/pictures/generated/product/1/540_540_90/knorrkaribiksauce.jpg
1897,Lebensmittel,Soßen,Grillsaucen,Kühne Made For Meat Chipotle Burger Style 235ML,"1,79 €","7,62 €/l","inkl. MwSt., zzgl. 4.95 € Versandkosten.",lieferbar innerhalb von 2-5 Werktagen,2023-05-03 00:41:39.798397,Burger Sauce,Hinweis zur Aufbewahrung: Nach Anbruch kühl lagern.,"Verantwortliches Lebensmittelunternehmen:
Carl Kühne KG (GmbH & Co.), 22761 Hamburg","Zutatenverzeichnis: Rapsöl, Wasser, Tomatenmark, Zucker, Branntweinessig, rote Zwiebeln (6%), Tomaten, Gurkenrelish (4%) (Gurken, Zucker, Salz), Gurke, Paprika, modifizierte Stärke, Salz, Gerstenmalzessig (enthält GLUTEN), SENFSAATEN, MOLKENERZEUGNIS, Gewürze, geräucherter Paprika (0,4%) und Chili (0,2%), Säuerungsmittel Milchsäure",293,1214,24,2,17,14,1,"2,6",https://www.edeka24.de/index.php?cl=details&anid=c24e0654c60352c81011e056751e2f33&emcs0=3&emcs1=Kategorieseite%20-%20Topseller&emcs2=&emcs3=3474224000,https://www.edeka24.de/out/pictures/generated/product/1/540_540_90/kuehne_wuerzsauce_burst235ml.jpg
1898,Lebensmittel,Soßen,Grillsaucen,Knorr Paprika Sauce Ungarische Art 250ML,"1,59 €","6,36 €/l","inkl. MwSt., zzgl. 4.95 € Versandkosten.",lieferbar innerhalb von 2-5 Werktagen,2023-05-03 00:41:43.194084,-,,"Verantwortliches Lebensmittelunternehmen:
Unilever Deutschland, Postfach 570 237, 22771 Hamburg","Zutatenverzeichnis: 49% Tomatenmark, 12% Paprika, Zucker, Branntweinessig, 11% Zwiebeln, modifizierte Stärke, Speisesalz, Rapsöl, Aromen, Chilipulver.",92,385,"0,6","0,1",19,16,"1,1",2,https://www.edeka24.de/index.php?cl=details&anid=b27afdc36a608fe05137bdfb90e840a2&emcs0=3&emcs1=Kategorieseite%20-%20Topseller&emcs2=&emcs3=4612315008,https://www.edeka24.de/out/pictures/generated/product/1/540_540_90/knorr_paprika_sauce_ungarische_art_250ml.jpg
1899,Lebensmittel,Soßen,Grillsaucen,Kühne Unschuldsengel 250ML,"1,59 €","6,36 €/l","inkl. MwSt., zzgl. 4.95 € Versandkosten.",lieferbar innerhalb von 2-5 Werktagen,2023-05-03 00:41:46.615311,"Mango-Curry Sauce mit fruchtigem Mangochutney, Curry und Paprikastückchen",Hinweis zur Aufbewahrung: Nach Anbruch kühl lagern.,"Verantwortliches Lebensmittelunternehmen:
Carl Kühne KG, 22761 Hamburg","Zutatenverzeichnis: Wasser, Rapsöl, Glukose-Fruktose-Sirup, Branntweinessig, modifizierte Stärke, Mangopüree, Salz, Paprika (1,2%), Mangochutney (1%) (Mango-Fruchtfleisch, Zucker, Gewürze, Glukosesirup), MOLKENERZEUGNIS, Knoblauch, Zitronensaftkonzentrat, Apfelsaftkonzentrat, Verdickungsmittel Xanthan, Curry (0,1%) (enthält SENF), Gewürz, Aroma, Farbstoff Paprika Oleoresin und Beta-Carotin",845,203,15,"1,1",16,10,"0,7","2,1",https://www.edeka24.de/index.php?cl=details&anid=afe3c6679b87b1fdbf68cb338d115634&emcs0=3&emcs1=Kategorieseite%20-%20Topseller&emcs2=&emcs3=660450007,https://www.edeka24.de/out/pictures/generated/product/1/540_540_90/khneue.jpg
1900,Lebensmittel,Soßen,Grillsaucen,Heinz American Burger Sauce 400ML,"3,19 €","7,98 €/l","inkl. MwSt., zzgl. 4.95 € Versandkosten.",lieferbar innerhalb von 2-5 Werktagen,2023-05-03 00:41:51.461732,Herzhaft-cremige Burger Sauce,Hinweis zur Aufbewahrung: Nach dem Öffnen gekühlt aufbewahren.,"Verantwortliches Lebensmittelunternehmen:
H. J. Heinz GmbH, Erkrather Str. 228b, 40233 Düsseldorf","Zutatenverzeichnis: Rapsöl, Branntweinessig*, konzentriertes Tomatenmark, Zucker, Glukose- Fruktose-Sirup, EIGELB, salz, modifizierte Stärke, Worcester-Sauce (GERSTENMALZESSIG, Melasse, Invertzuckersirup, Wasser, Zwiebel, Salz, Tamarindenextrakt, Knoblauch, Gewürze, Zitronenöl), SENFSAMENPULVER, Verdickungsmittel (Xanthan, Guakernmehl), Aromen, Farbstoff (Riboflavin), Gewürzextrakt. *Österreich: Weingeistessig",1535,372,"35,5","3,1",12,"9,6","0,9","2,1",https://www.edeka24.de/index.php?cl=details&anid=f2c1f9d61ff599b126fdb077c03e9314&emcs0=3&emcs1=Kategorieseite%20-%20Topseller&emcs2=&emcs3=3366152006,https://www.edeka24.de/out/pictures/generated/product/1/540_540_90/heinz_american_burger_sauce_400ml.jpg
1901,Lebensmittel,Soßen,Grillsaucen,Develey Burger Sauce 250ML,"1,89 €","7,56 €/l","inkl. MwSt., zzgl. 4.95 € Versandkosten.",lieferbar innerhalb von 2-5 Werktagen,2023-05-03 00:41:56.075932,-,,"Verantwortliches Lebensmittelunternehmen:
Develey Senf & Feinkost GmbH, Ottobrunner Str. 45, D-82008 Unterhaching/München","Zutatenverzeichnis: Rapsöl, Tomatenmark, Wasser, Gurken (8,5%), Zucker, Branntweinessig, Zwiebeln (2,5%), SENFSAAT, Salz, modifizierte Maisstärke, Gewürze, MILCHEIWEIß, Gewürzextrakt, Verdickungsmittel (Xanthan).",1394,337,"31,6","2,3","10,5","8,8","1,5","1,8",https://www.edeka24.de/Lebensmittel/Sossen/Grillsaucen/Develey-Burger-Sauce-250ML.html,https://www.edeka24.de/out/pictures/generated/product/1/540_540_90/develey_burger_sauce_250_ml.jpg
1902,Lebensmittel,Soßen,Grillsaucen,Develey Süß-Sauer Sauce 250ML,"1,89 €","7,56 €/l","inkl. MwSt., zzgl. 4.95 € Versandkosten.",lieferbar innerhalb von 2-5 Werktagen,2023-05-03 00:42:00.288757,-,Hinweis zur Aufbewahrung: Nach Anbruch im Kühlschrank aufbewahren.,"Verantwortliches Lebensmittelunternehmen:
Develey Senf & Feinkost GmbH, Ottobrunner Str. 45, D-82008 Unterhaching/München","Zutatenverzeichnis: Glucose-Fructose-Sirup, Aprikosenmark, Wasser, Zucker, Branntweinessig, modifizierte Maisstärke, SOJASAUCE (Wasser, SOJABOHNEN, WEIZEN, Salz), Salz, Rapsöl, Ananassaftkonzentrat, Verdickungsmittel Xanthan, Gewürze (mit SELLERIE), natürliches Aroma.",864,204,"1,3","0,1","45,9","40,5","0,6","1,7",https://www.edeka24.de/Lebensmittel/Sossen/Grillsaucen/Develey-Suess-Sauer-Sauce-250ML.html,https://www.edeka24.de/out/pictures/generated/product/1/540_540_90/develey_ssauer_sauce_250_ml.jpg
1903,Lebensmittel,Soßen,Grillsaucen,Homann Paprika Sauce Balkan Art 400ML,"2,19 €","5,48 €/l","inkl. MwSt., zzgl. 4.95 € Versandkosten.",lieferbar innerhalb von 2-5 Werktagen,2023-05-03 00:42:05.116301,Paprika Sauce Balkan Art,Hinweis zur Aufbewahrung: Nach Anbruch gekühlt lagern.,"Verantwortliches Lebensmittelunternehmen:
Homann Feinkost GmbH, Bahnhofstraße 4, 49201 Dissen","Zutatenverzeichnis: 43% Tomatenmark, Zucker, 10% Paprika, 10% Zwiebeln, Branntweinessig*, Wasser, modifizierte Stärke, 2,4% Gurken, Speisesalz, Weinessig, Petersilie, Verdickungsmittel: Guarkernmehl, Xanthan, Johannisbrotkernmehl; natürliches Aroma, Rote-Bete- Saftkonzentrat,Säuerungsmittel: Weinsäure L(+). *Österreich: Weingeistessig",368,87,"0,5","0,1",19,14,"0,9","2,2",https://www.edeka24.de/Lebensmittel/Sossen/Grillsaucen/Homann-Paprika-Sauce-Balkan-Art-400ML.html,https://www.edeka24.de/out/pictures/generated/product/1/540_540_90/homann_paprika_sauce_400ml.jpg
1904,Lebensmittel,Soßen,Grillsaucen,Heinz Sweet Chili Sauce 220ML,"2,49 €","11,32 €/l","inkl. MwSt., zzgl. 4.95 € Versandkosten.",lieferbar innerhalb von 2-5 Werktagen,2023-05-03 00:42:09.349335,Süß-scharfe Chilisauce,Hinweis zur Aufbewahrung: Nach dem Öffnen kühl aufbewahren. Vor dem Gebrauch Deckel öffnen und Folie entfernen.,"Verantwortliches Lebensmittelunternehmen:
H. J. Heinz GmbH, Erkrather Str. 228b, 40233 Düsseldorf","Zutatenverzeichnis: Zucker, Wasser, Branntweinessig*, Tomatenmark, Knoblauch, modifizierte Stärke, Paprika, Chili 1,5%, Salz, Ingwer. *Österreich: Weingeistessig.",762,179,"0,1","0,1",44,42,"0,4","1,3",https://www.edeka24.de/Lebensmittel/Sossen/Grillsaucen/Heinz-Sweet-Chili-Sauce-220ML.html,https://www.edeka24.de/out/pictures/generated/product/1/540_540_90/heinzswechisau.jpg
1905,Lebensmittel,Soßen,Grillsaucen,Knorr Karibik Sauce 250ML,"1,59 €","6,36 €/l","inkl. MwSt., zzgl. 4.95 € Versandkosten.",lieferbar innerhalb von 2-5 Werktagen,2023-05-03 00:42:13.601429,Karibik Sauce,Hinweis zur Aufbewahrung: Nach dem Öffnen im Kühlschrank aufbewahren.,"Verantwortliches Lebensmittelunternehmen:
Unilever Deutschland, Postfach 570 237, 22771 Hamburg","Zutatenverzeichnis: Zutaten: Trinkwasser, Rapsöl, Zucker, 4% Tomatenmark, Branntweinessig, modifizierte Stärke, 2% Chilis, EIGELB, Speisesalz, Knoblauch, Gewürze (mit SENFSAAT), Paprika, Aromen, Antioxidationsmittel E 385.",1134,270,22,"1,8",20,14,"0,5","1,8",https://www.edeka24.de/Lebensmittel/Sossen/Grillsaucen/Knorr-Karibik-Sauce-250ML.html,https://www.edeka24.de/out/pictures/generated/product/1/540_540_90/knorrkaribiksauce.jpg
1906,Lebensmittel,Soßen,Grillsaucen,Develey American Hot Dog Sauce 250ML,"1,89 €","7,56 €/l","inkl. MwSt., zzgl. 4.95 € Versandkosten.",lieferbar innerhalb von 2-5 Werktagen,2023-05-03 00:42:17.531905,-,,"Verantwortliches Lebensmittelunternehmen:
Develey Senf & Feinkost GmbH, 82001 Unterhaching","Zutatenverzeichnis: 30% Develey SENF mittelscharf (Trinkwasser, SENFSAAT, Branntweinessig, Salz, Zucker, Gewürze, Karamellzuckersirup), Trinkwasser, Zucker, Branntweinessig, Rapsöl, Apfelsaftkonzentrat, modifizierte Maisstärke, EIGELB, Mangopüree, Salz, Gewürze, Karamellzuckersirup, färbende Pflanzenkonzentrate (Saflor, Zitrone), Verdickungsmittel (Xanthan), Gewürzextrakt, SENFAROMA.",861,206,"11,2",1,"21,8","19,5","2,1","2,2",https://www.edeka24.de/Lebensmittel/Sossen/Grillsaucen/Develey-American-Hot-Dog-Sauce-250ML.html,https://www.edeka24.de/out/pictures/generated/product/1/540_540_90/develeyhodoso.jpg
1907,Lebensmittel,Soßen,Grillsaucen,Knorr Knoblauch Sauce 250ML,"1,59 €","6,36 €/l","inkl. MwSt., zzgl. 4.95 € Versandkosten.",lieferbar innerhalb von 2-5 Werktagen,2023-05-03 00:42:21.716206,-,Hinweis zur Aufbewahrung: Nach dem Öffnen im Kühlschrank aufbewahren.,"Verantwortliches Lebensmittelunternehmen:
Unilever Deutschland, Postfach 570 237, 22771 Hamburg","Zutatenverzeichnis: Rapsöl, Trinkwasser, MAGERMILCHJOGHURT, Zucker, Branntweinessig, EIGELB, Zwiebeln, SELLERIE, modifizierte Stärke, Speisesalz, Glukose-fruktose-Sirup, Gewürze (mit SENFSAAT), Knoblauch,Aroma, Zitronensaftkonzentrat, Petersilie, Säuerungsmittel: Citronensäure.",379,1563,37,"3,2",11,"8,6","1,2","1,6",https://www.edeka24.de/Lebensmittel/Sossen/Grillsaucen/Knorr-Knoblauch-Sauce-250ML.html,https://www.edeka24.de/out/pictures/generated/product/1/540_540_90/knorr_knoblauch_sauce_250_ml.jpg
1908,Lebensmittel,Soßen,Grillsaucen,Develey BBQ Sauce 250ML,"1,89 €","7,56 €/l","inkl. MwSt., zzgl. 4.95 € Versandkosten.",lieferbar innerhalb von 2-5 Werktagen,2023-05-03 00:42:26.232891,-,Hinweis zur Aufbewahrung: Nach Anbruch im Kühlschrank aufbewahren.,"Verantwortliches Lebensmittelunternehmen:
Develey Senf & Feinkost GmbH, Ottobrunner Str. 45, D-82008 Unterhaching/München","Zutatenverzeichnis: Tomatenmark, Zucker, Rotweinessig, Ananassaft aus Ananassaftkonzentrat, Branntweinessig, Salz, modifizierte Maisstärke, Karamellzuckersirup, Gewürze (mit SENFSAAT, SELLERIE), Rapsöl, Verdickungsmittel (Xanthan), Raucharoma.",758,179,"0,9","0,1","40,4","36,7","0,8","3,1",https://www.edeka24.de/Lebensmittel/Sossen/Grillsaucen/Develey-BBQ-Sauce-250ML.html,https://www.edeka24.de/out/pictures/generated/product/1/540_540_90/develeybbqsau.jpg
1909,Lebensmittel,Soßen,Grillsaucen,Heinz Hot Chili Sauce 220ML,"2,49 €","11,32 €/l","inkl. MwSt., zzgl. 4.95 € Versandkosten.",lieferbar innerhalb von 2-5 Werktagen,2023-05-03 00:42:30.842565,Scharfe Sauce mit Jalapeño-Pfeffer,Hinweis zur Aufbewahrung: Nach dem Öffnen gekühlt aufbewahren. Vor dem Gebrauch Deckel öffnen und Folie entfernen. Vor Gebrauch gut schütteln.,"Verantwortliches Lebensmittelunternehmen:
H. J. Heinz GmbH, Erkrather Str. 228b 40233 Düsseldorf","Zutatenverzeichnis: Tomatenmark 48%, Zucker, Branntweinessig*, rote Paprika, Zwiebeln, Salz, modifizierte Stärke, Knoblauch, Chili 0,5%, Gewürze, Schnittlauch, Jalapeño-Pfeffer 0,1%, Aroma. *Österreich: Weingeistessig",117,498,"0,1",0,27,25,"1,2","2,8",https://www.edeka24.de/Lebensmittel/Sossen/Grillsaucen/Heinz-Hot-Chili-Sauce-220ML.html,https://www.edeka24.de/out/pictures/generated/product/1/540_540_90/heinzhochisau.jpg
1910,Lebensmittel,Soßen,Grillsaucen,Develey Sour Cream Sauce 250ML,"1,89 €","7,56 €/l","inkl. MwSt., zzgl. 4.95 € Versandkosten.",lieferbar innerhalb von 2-5 Werktagen,2023-05-03 00:42:35.450477,Sour Creme Sauce,Hinweis zur Aufbewahrung: Nach Anbruch im Kühlschrank aufbewahren.,"Verantwortliches Lebensmittelunternehmen:
Develey Senf und Feinkost GmbH, 82001 Unterhaching/München","Zutatenverzeichnis: Trinkwasser, Rapsöl, 17% SAUERRAHM, Branntweinessig, 3% Schnittlauch, Salz, modifizierte Maisstärke, MILCHEIWEIß, Zucker, Gewürze, Säuerungsmittel (Milchsäure), Verdickungsmittel (Xanthan).",1105,268,"27,8",3,"2,8","1,8","1,1","1,2",https://www.edeka24.de/Lebensmittel/Sossen/Grillsaucen/Develey-Sour-Cream-Sauce-250ML.html,https://www.edeka24.de/out/pictures/generated/product/1/540_540_90/develey_sour_cream_sauce_250ml.jpg
1911,Lebensmittel,Soßen,Grillsaucen,Kühne Made for Veggies Teriyaki Sesam 235ML,"1,79 €","7,62 €/l","inkl. MwSt., zzgl. 4.95 € Versandkosten.",lieferbar innerhalb von 2-5 Werktagen,2023-05-03 00:42:38.933466,Würzsauce mit Sojasauce und Sesam,Hinweis zur Aufbewahrung: Nach Anbruch gekühlt lagern.,"Verantwortliches Lebensmittelunternehmen:
Carl Kühne KG, 22761 Hamburg","Zutatenverzeichnis: Wasser, Zucker, Sojasauce (10%) (Wasser, SOJABOHNEN, Salz, WEIZENMEHL), Branntweinessig, modifizierte Stärke, Zwiebeln, Paprika, Karamellzuckersirup, Frühlingszwiebeln, Knoblauch (1,5%), Salz, gerösteter SESAM (0,4%), Gewürze, Gewürzextrakt, geröstetes SESAMÖL",399,94,"0,1","0,1",21,17,"1,1","2,4",https://www.edeka24.de/Lebensmittel/Sossen/Grillsaucen/Kuehne-Made-for-Veggies-Teriyaki-Sesam-235ML.html,https://www.edeka24.de/out/pictures/generated/product/1/540_540_90/madeveggieterises.jpg
1912,Lebensmittel,Soßen,Grillsaucen,Block House Steak Sauce 240ML,"2,79 €","11,63 €/l","inkl. MwSt., zzgl. 4.95 € Versandkosten.",lieferbar innerhalb von 2-5 Werktagen,2023-05-03 00:42:42.606256,Pfeffrige Würzsauce mit Tomatenmark,Hinweis zur Aufbewahrung: Nach dem Öffnen bei +2°C bis +7°C aufbewahren und bald verzehren.,"Verantwortliches Lebensmittelunternehmen:
Block House 22339 Hamburg","Zutatenverzeichnis: Wasser, Tomatenmark (27%), Mango Chutney (Zucker, Mango, Salz, Branntweinessig, Chili, Ingwer), Glukosesirup (getrocknet), Zucker, WORCESTERSAUCE (mit GLUTEN, SELLERIE), Pfefferkörner (grün, schwarz), Branntweinessig, Speisesalz, SENFSAAT, Schnittlauch, Karamellzuckersirup, MILCHEIWEISSERZEUGNIS, modifizierte Stärke, Verdickungsmittel (Guarkernmehl, Xanthan)",604,142,"0,5","0,1",31,23,"1,3","2,0",https://www.edeka24.de/Lebensmittel/Sossen/Grillsaucen/Block-House-Steak-Sauce-240ML.html,https://www.edeka24.de/out/pictures/generated/product/1/540_540_90/block_house_steak_sauce_240ml.jpg
1913,Lebensmittel,Soßen,Grillsaucen,Kühne Unschuldsengel 250ML,"1,59 €","6,36 €/l","inkl. MwSt., zzgl. 4.95 € Versandkosten.",lieferbar innerhalb von 2-5 Werktagen,2023-05-03 00:42:46.155374,"Mango-Curry Sauce mit fruchtigem Mangochutney, Curry und Paprikastückchen",Hinweis zur Aufbewahrung: Nach Anbruch kühl lagern.,"Verantwortliches Lebensmittelunternehmen:
Carl Kühne KG, 22761 Hamburg","Zutatenverzeichnis: Wasser, Rapsöl, Glukose-Fruktose-Sirup, Branntweinessig, modifizierte Stärke, Mangopüree, Salz, Paprika (1,2%), Mangochutney (1%) (Mango-Fruchtfleisch, Zucker, Gewürze, Glukosesirup), MOLKENERZEUGNIS, Knoblauch, Zitronensaftkonzentrat, Apfelsaftkonzentrat, Verdickungsmittel Xanthan, Curry (0,1%) (enthält SENF), Gewürz, Aroma, Farbstoff Paprika Oleoresin und Beta-Carotin",845,203,15,"1,1",16,10,"0,7","2,1",https://www.edeka24.de/Lebensmittel/Sossen/Grillsaucen/Kuehne-Unschuldsengel-250ML.html,https://www.edeka24.de/out/pictures/generated/product/1/540_540_90/khneue.jpg
1914,Lebensmittel,Soßen,Grillsaucen,Kühne Made For Meat Chipotle Burger Style 235ML,"1,79 €","7,62 €/l","inkl. MwSt., zzgl. 4.95 € Versandkosten.",lieferbar innerhalb von 2-5 Werktagen,2023-05-03 00:42:49.596400,Burger Sauce,Hinweis zur Aufbewahrung: Nach Anbruch kühl lagern.,"Verantwortliches Lebensmittelunternehmen:
Carl Kühne KG (GmbH & Co.), 22761 Hamburg","Zutatenverzeichnis: Rapsöl, Wasser, Tomatenmark, Zucker, Branntweinessig, rote Zwiebeln (6%), Tomaten, Gurkenrelish (4%) (Gurken, Zucker, Salz), Gurke, Paprika, modifizierte Stärke, Salz, Gerstenmalzessig (enthält GLUTEN), SENFSAATEN, MOLKENERZEUGNIS, Gewürze, geräucherter Paprika (0,4%) und Chili (0,2%), Säuerungsmittel Milchsäure",293,1214,24,2,17,14,1,"2,6",https://www.edeka24.de/Lebensmittel/Sossen/Grillsaucen/Kuehne-Made-For-Meat-Chipotle-Burger-Style-235ML.html,https://www.edeka24.de/out/pictures/generated/product/1/540_540_90/kuehne_wuerzsauce_burst235ml.jpg
1915,Lebensmittel,Soßen,Grillsaucen,Block House BBQ Sauce 240ML,"2,79 €","11,63 €/l","inkl. MwSt., zzgl. 4.95 € Versandkosten.",lieferbar innerhalb von 2-5 Werktagen,2023-05-03 00:42:52.787592,Würzsauce mit Honig und Raucharoma,Hinweis zur Aufbewahrung: Nach dem Öffnen bei +2°C bis +7°C aufbewahren und bald verzehren.,"Verantwortliches Lebensmittelunternehmen:
Block House 22339 Hamburg","Zutatenverzeichnis: Wasser, Zucker, Tomatenmark, WORCESTERSAUCE (Branntweinessig, Zucker, GERSTENMALZESSIG, Wasser, Speisesalz, Karamellzuckersirup, GEWÜRZE (enthält SELLERIE), Zitronenöl), Honig (2,5%), Speisesalz, Knoblauch, Branntweinessig, modifizierte Stärke, Verdickungsmittel (Guarkernmehl, Xanthan), Farbstoff (Ammonsulfit-Zuckerkulör), Raucharoma, Säuerungsmittel (Citronensäure)",495,117,0,0,27,27,"1,5","2,1",https://www.edeka24.de/Lebensmittel/Sossen/Grillsaucen/Block-House-BBQ-Sauce-240ML.html,https://www.edeka24.de/out/pictures/generated/product/1/540_540_90/blockhousebbq.jpg
1916,Lebensmittel,Soßen,Grillsaucen,Heinz Mayo-Mix 400ML,"3,89 €","9,73 €/l","inkl. MwSt., zzgl. 4.95 € Versandkosten.",lieferbar innerhalb von 2-5 Werktagen,2023-05-03 00:42:56.449535,Emulgierte Sauce aromatisiert mit Heinz Tomato Ketchup,Hinweis zur Aufbewahrung: Nach dem Öffnen gekühlt aufbewahren.,"Verantwortliches Lebensmittelunternehmen:
H.J. Heinz GmbH, Postfach 140555, 40075 Düsseldorf","Zutatenverzeichnis: Rapsöl (40%), Tomatenmark (22%), Branntweinessig†, Zucker, EIGELB†† (3%), Stärke, Salz, SENFSAMEN, Gewürz- und Kräuterextrakte (enthält SELLERIE), Antioxidationsmittel (Calcium-Dinatrium-EDTA). †Österreicht: Weingeistessig. ††Von Eiern aus Freilandhaltung.",1812,432,"40,8",31,"14,7",12,"0,9","1,5",https://www.edeka24.de/Lebensmittel/Sossen/Grillsaucen/Heinz-Mayo-Mix-400ML.html,https://www.edeka24.de/out/pictures/generated/product/1/540_540_90/heinz_mayomix_400ml.jpg
1917,Lebensmittel,Soßen,Grillsaucen,Homann Hamburger Sauce Original 450ML,"2,79 €","6,20 €/l","inkl. MwSt., zzgl. 4.95 € Versandkosten.",lieferbar innerhalb von 2-5 Werktagen,2023-05-03 00:42:59.804126,Hamburger Sauce,Hinweis zur Aufbewahrung: Nach Anbruch gekühlt lagern.,"Verantwortliches Lebensmittelunternehmen:
Homann Feinkost GmbH, Heinrich-Hamker-Straße 20, 49152 Bad Essen","Zutatenverzeichnis: 35% Rapsöl, Wasser, 18,7% Weißkraut, Zucker, Branntweinessig, Glukose-Fruktose-Sirup, modifizierte Stärke, Speisesalz, MILCHEIWEIßERZEUGNIS, Gewürze, Verdickungsmittel: Guarkernmehl; natürliches Aroma, Säuerungsmittel: Citronensäure; Farbstoff: Carotin.",1677,405,37,"2,8",17,13,"1,1","1,5",https://www.edeka24.de/Lebensmittel/Sossen/Grillsaucen/Homann-Hamburger-Sauce-Original-450ML.html,https://www.edeka24.de/out/pictures/generated/product/1/540_540_90/homannhamsau.jpg
1918,Lebensmittel,Soßen,Grillsaucen,Knorr Barbecue Sauce 250ML,"1,59 €","6,36 €/l","inkl. MwSt., zzgl. 4.95 € Versandkosten.",lieferbar innerhalb von 2-5 Werktagen,2023-05-03 00:43:04.101556,Barbecuesauce mit Honig,Hinweis zur Aufbewahrung: Nach dem Öffnen im Kühlschrank aufbewahren.,"Verantwortliches Lebensmittelunternehmen:
Unilever Deutschland, Postfach 570237, 22771 Hamburg","Zutatenverzeichnis: 36% Tomatenmark, Trinkwasser, Zucker, Essig (Weißwein, GERSTENMALZ), Melasse, modifizierte Stärke, 2% Honig, Speisesalz, Gewürze (mit SENFMEHL), pflanzliche Öle (Soja, Sonnenblumen), Glukosesirup, Raucharoma, Aromen, ANCHOVIS, Zitronensaftkonzentrat, Kräuter.",628,148,"0,8","0,1",30,26,"0,8","1,8",https://www.edeka24.de/Lebensmittel/Sossen/Grillsaucen/Knorr-Barbecue-Sauce-250ML.html,https://www.edeka24.de/out/pictures/generated/product/1/540_540_90/knorr_schlemmersauce_barbecue_mit_honig_250ml.jpg
1919,Lebensmittel,Soßen,Grillsaucen,Develey Curry Sauce 250ML,"1,89 €","7,56 €/l","inkl. MwSt., zzgl. 4.95 € Versandkosten.",lieferbar innerhalb von 2-5 Werktagen,2023-05-03 00:43:07.459729,-,Hinweis zur Aufbewahrung: Nach Anbruch im Kühlschrank aufbewahren.,"Verantwortliches Lebensmittelunternehmen:
Develey Senf & Feinkost GmbH, Ottobrunner Str. 45, D-82008 Unterhaching/München","Zutatenverzeichnis: Flüssigzucker, Apfelmus (Äpfel, Zucker), Tomatenmark, Branntweinessig, Gewürze (mit SENFSAAT), Salz, Curry, Rapsöl, Verdickungsmittel (Xanthan), Chilies, Curcuma, Gewürzextrakt.",184,781,"1,6","0,2","40,1","39,3","0,8","1,5",https://www.edeka24.de/Lebensmittel/Sossen/Grillsaucen/Develey-Curry-Sauce-250ML.html,https://www.edeka24.de/out/pictures/generated/product/1/540_540_90/develey_curry_sauce_250_ml.jpg
1920,Lebensmittel,Soßen,Grillsaucen,Knorr Paprika Sauce Ungarische Art 250ML,"1,59 €","6,36 €/l","inkl. MwSt., zzgl. 4.95 € Versandkosten.",lieferbar innerhalb von 2-5 Werktagen,2023-05-03 00:43:10.915724,-,,"Verantwortliches Lebensmittelunternehmen:
Unilever Deutschland, Postfach 570 237, 22771 Hamburg","Zutatenverzeichnis: 49% Tomatenmark, 12% Paprika, Zucker, Branntweinessig, 11% Zwiebeln, modifizierte Stärke, Speisesalz, Rapsöl, Aromen, Chilipulver.",92,385,"0,6","0,1",19,16,"1,1",2,https://www.edeka24.de/Lebensmittel/Sossen/Grillsaucen/Knorr-Paprika-Sauce-Ungarische-Art-250ML.html,https://www.edeka24.de/out/pictures/generated/product/1/540_540_90/knorr_paprika_sauce_ungarische_art_250ml.jpg
1921,Lebensmittel,Soßen,Grillsaucen,Knorr Chili Sauce 250ML,"1,59 €","6,36 €/l","inkl. MwSt., zzgl. 4.95 € Versandkosten.",lieferbar innerhalb von 2-5 Werktagen,2023-05-03 00:43:14.257805,Chilisauce,Hinweis zur Aufbewahrung: Nach dem Öffnen im Kühlschrank aufbewahren.,"Verantwortliches Lebensmittelunternehmen:
Unilever Deutschland, Postfach 570 237, 22771 Hamburg","Zutatenverzeichnis: 60% Tomatenmark, Zucker, 12% Zwiebeln, Branntweinessig, 5% Paprika, modifizierte Stärke, Speisesalz, Chilis, Gewürz, Aroma, Petersilie.",398,95,"0,5","0,1",21,18,"1,2",2,https://www.edeka24.de/Lebensmittel/Sossen/Grillsaucen/Knorr-Chili-Sauce-250ML.html,https://www.edeka24.de/out/pictures/generated/product/1/540_540_90/knorr_chili_sauce_250_ml.jpg
1922,Lebensmittel,Soßen,Grillsaucen,Heinz American Burger Sauce 400ML,"3,19 €","7,98 €/l","inkl. MwSt., zzgl. 4.95 € Versandkosten.",lieferbar innerhalb von 2-5 Werktagen,2023-05-03 00:43:17.832404,Herzhaft-cremige Burger Sauce,Hinweis zur Aufbewahrung: Nach dem Öffnen gekühlt aufbewahren.,"Verantwortliches Lebensmittelunternehmen:
H. J. Heinz GmbH, Erkrather Str. 228b, 40233 Düsseldorf","Zutatenverzeichnis: Rapsöl, Branntweinessig*, konzentriertes Tomatenmark, Zucker, Glukose- Fruktose-Sirup, EIGELB, salz, modifizierte Stärke, Worcester-Sauce (GERSTENMALZESSIG, Melasse, Invertzuckersirup, Wasser, Zwiebel, Salz, Tamarindenextrakt, Knoblauch, Gewürze, Zitronenöl), SENFSAMENPULVER, Verdickungsmittel (Xanthan, Guakernmehl), Aromen, Farbstoff (Riboflavin), Gewürzextrakt. *Österreich: Weingeistessig",1535,372,"35,5","3,1",12,"9,6","0,9","2,1",https://www.edeka24.de/Lebensmittel/Sossen/Grillsaucen/Heinz-American-Burger-Sauce-400ML.html,https://www.edeka24.de/out/pictures/generated/product/1/540_540_90/heinz_american_burger_sauce_400ml.jpg
1923,Lebensmittel,Soßen,Grillsaucen,Heinz American Style Burger Sauce 220ML,"2,49 €","11,32 €/l","inkl. MwSt., zzgl. 4.95 € Versandkosten.",lieferbar innerhalb von 2-5 Werktagen,2023-05-03 00:43:21.217323,Herzhaft-cremige Burger-Sauce,Hinweis zur Aufbewahrung: Nach dem Öffnen gekühlt aufbewahren.,"Verantwortliches Lebensmittelunternehmen:
H.J. Heinz GmbH, Erkrather Str. 228b 40233 Düsseldorf","Zutatenverzeichnis: Sonnenblumenöl, Wasser, Tomatenmark 15%, Branntweinessig†, Zucker, Glukose-Fruktose-Sirup, EIGELB, Salz, modifizierte Stärke, Dill1,1%, GERSTENMALZESSIG, Melasse, Invertzuckersirup, Zwiebel, Tamarindenextrakt, Knoblauch, Gewürze, Zitronenöl, SENFSAMENPULVER 0,4%, Verdickungsmittel (Xanthan, Guarkernmehl), Aromen, Farbstoff (Riboflavin), Dillextrakt. †Österreich: Weingeistessig.",1540,375,36,"3,1",12,"9,3",1,"2,1",https://www.edeka24.de/Lebensmittel/Sossen/Grillsaucen/Heinz-American-Style-Burger-Sauce-220ML.html,https://www.edeka24.de/out/pictures/generated/product/1/540_540_90/heinzamebursau.jpg
1924,Lebensmittel,Soßen,Grillsaucen,Maggi Texicana Salsa Extra Hot 500ML,"2,79 €","5,58 €/l","inkl. MwSt., zzgl. 4.95 € Versandkosten.",lieferbar innerhalb von 2-5 Werktagen,2023-05-03 00:43:24.825882,Tomaten-Chili-Sauce,Hinweis zur Aufbewahrung: Nach Anbruch gekühlt lagern.,"Verantwortliches Lebensmittelunternehmen:
Maggi GmbH, 78221 Singen (Hohentwiel)","Zutatenverzeichnis: 45 % Tomatenmark, Branntweinessig, Trinkwasser, Zucker, 4,4 % Jalapeno-Chili, Paprika, Zwiebeln, modifizierte Stärke, Jodsalz, Gewürze, Aromen, Verdickungsmittel Xanthan. SPUREN: MILCH, SELLERIE",87,367,"0,6","0,1",18,14,"1,2","2,5",https://www.edeka24.de/Lebensmittel/Sossen/Grillsaucen/Maggi-Texicana-Salsa-Extra-Hot-500ML.html,https://www.edeka24.de/out/pictures/generated/product/1/540_540_90/maggitexicanaextrahot.jpg
1925,Lebensmittel,Soßen,Grillsaucen,Papa Joe's Curry Mango Sauce 300ML,"1,99 €","6,63 €/l","inkl. MwSt., zzgl. 4.95 € Versandkosten.",lieferbar innerhalb von 2-5 Werktagen,2023-05-03 00:43:29.027169,-,Hinweis zur Aufbewahrung: Vor Wärme geschützt und trocken lagern.,"Verantwortliches Lebensmittelunternehmen:
EUCO GmbH, D-22291 Hamburg","Zutatenverzeichnis: Wasser, Rapsöl, Zucker, Branntweinessig, 10% Mangopüree, modifizierte Stärke, Speisesalz, Gewürze (enthält SENF), MILCHEIWEIß, 0,5% Curry (enthält SELLERIE, SENF), Verdickungsmittel: Xanthan; Zitronensaftkonzentrat.",352,1458,"29,9","2,1","18,7","16,3","0,7","1,5",https://www.edeka24.de/Lebensmittel/Sossen/Grillsaucen/Papa-Joe-s-Curry-Mango-Sauce-300ML.html,https://www.edeka24.de/out/pictures/generated/product/1/540_540_90/papa_joe039s_currymangosauce_300ml.jpg
1926,Lebensmittel,Soßen,Grillsaucen,Heinz Barbecue Sauce 220ML,"2,49 €","11,32 €/l","inkl. MwSt., zzgl. 4.95 € Versandkosten.",lieferbar innerhalb von 2-5 Werktagen,2023-05-03 00:43:32.616351,Rauchige Sauce mit Paprika und Zwiebeln,Hinweis zur Aufbewahrung: Nach dem Öffnen gekühlt aufbewahren. Vor dem Gebrauch Deckel öffnen und Folie entfernen. Vor Gebrauch gut schütteln.,"Verantwortliches Lebensmittelunternehmen:
H. J. Heinz GmbH, Erkrather Str. 228b 40233 Düsseldorf","Zutatenverzeichnis: Tomatenmark 34%, Zucker, Branntweinessig*, brauner Zucker, Zwiebeln 6%, Paprika 5%, Orangensaft, modifizierte Stärke, Salz, Gurken 1,5%, Zitronensaft, Gewürze (enthalten SENF), Aroma, Gewürz- und Kräuterextrakt (enthält SELLERIE), Raucharoma. *Österreich: Weingeistessig",142,602,"0,2",0,34,30,"0,8","2,4",https://www.edeka24.de/Lebensmittel/Sossen/Grillsaucen/Heinz-Barbecue-Sauce-220ML.html,https://www.edeka24.de/out/pictures/generated/product/1/540_540_90/heinzbarsau.jpg
1927,Lebensmittel,Soßen,Grillsaucen,Knorr Burger Sauce 250ML,"1,59 €","6,36 €/l","inkl. MwSt., zzgl. 4.95 € Versandkosten.",lieferbar innerhalb von 2-5 Werktagen,2023-05-03 00:43:36.136811,Burger Sauce,Hinweis zur Aufbewahrung: Nach dem Öffnen im Kühlschrank aufbewahren.,"Verantwortliches Lebensmittelunternehmen:
Unilever Deutschland, Postfach 570237, 22771 Hamburg","Zutatenverzeichnis: 32% Tomatenmark, Trinkwasser, pflanzliche Öle (Soja, Sonnenblumen), Essig (Branntwein, GERSTENMALZ), Zucker, 5% SENF (Trinkwasser, SENFSAAT, Branntweinessig, Speisesalz, Aromen, Gewürze), modifizierte Stärke, EIGELB, Zwiebelpulver, Speisesalz, Gewürze, Aromen, Glukosesirup, Verdickungsmittel (Xanthan), Zitronensaftkonzentrat, ANCHOVIS, Kräuter, Antioxidationsmittel (E 385), Farbstoff (Carotin).",1033,247,22,"3,4",12,"7,2","1,1","1,4",https://www.edeka24.de/Lebensmittel/Sossen/Grillsaucen/Knorr-Burger-Sauce-250ML.html,https://www.edeka24.de/out/pictures/generated/product/1/540_540_90/knorr_schlemmersauce_burger_250ml.jpg
1928,Lebensmittel,Soßen,Grillsaucen,Gouda's Glorie Creamy Cheese Style Sauce 650ML,"4,29 €","6,60 €/l","inkl. MwSt., zzgl. 4.95 € Versandkosten.",lieferbar innerhalb von 2-5 Werktagen,2023-05-03 00:43:39.301169,Cremige Sauce mit Geschmack von Käse,Hinweis zur Aufbewahrung: Nach dem Öffnen kühl und trocken aufbewahren.,"Verantwortliches Lebensmittelunternehmen:
Gouda's Glorie Sauzen, Postbus 10, 3734 ZG Den Dolder, The Netherlands","Zutatenverzeichnis: Wasser, Rapsöl 15%, modifizierte Maisstärke, Kartoffelstärke, Zucker, Branntweinessig, Salz, Hefeextrakt, Kartoffelprotein, Säuerungsmittel: Milchsäure, natürliches Aroma, Emulgator: E471, Knoblauchpulver, Gewürze, Farbstoffe: Paprikaextrakt, Beta-Carotin, Konservierungsstoff: Kaliumsorbat, Antioxidationsmittel: E385.",748,180,16,"1,3","9,2","2,2","0,6","1,7",https://www.edeka24.de/Lebensmittel/Sossen/Grillsaucen/Gouda-s-Glorie-Creamy-Cheese-Style-Sauce-650ML.html,https://www.edeka24.de/out/pictures/generated/product/1/540_540_90/goudasglorieksesauce.jpg
1929,Lebensmittel,Soßen,Grillsaucen,Papa Joe's Burger Sauce 300ML,"1,99 €","6,63 €/l","inkl. MwSt., zzgl. 4.95 € Versandkosten.",lieferbar innerhalb von 2-5 Werktagen,2023-05-03 00:43:43.065659,-,Hinweis zur Aufbewahrung: Vor Wärme geschützt und trocken lagern.,"Verantwortliches Lebensmittelunternehmen:
Euco GmbH, 22291 Hamburg","Zutatenverzeichnis: Rapsöl, Wasser, 12,5 % Tomaten, Zucker, Branntweinessig, 7 % Weißkohl, Zwiebeln, eingelegte Gurken (Gurken, Branntweinessig, Speisesalz), modifizierte Stärke, EIGELB, Gemüsepaprika, Speisesalz, SENFSAAT, Gewürze, Verdickungsmittel: Xanthan, Guarkernmehl; Säuerungsmittel: Citronensäure; Konservierungsstoff: Kaliumsorbat, Natriumbenzoat.",1217,294,"25,4",2,"15,3","12,7","0,7","1,9",https://www.edeka24.de/Lebensmittel/Sossen/Grillsaucen/Papa-Joe-s-Burger-Sauce-300ML.html,https://www.edeka24.de/out/pictures/generated/product/1/540_540_90/papa_joe039s_burger_sauce_300ml.jpg
1930,Lebensmittel,Soßen,Grillsaucen,Knorr Schaschlik Sauce 250ML,"1,59 €","6,36 €/l","inkl. MwSt., zzgl. 4.95 € Versandkosten.",lieferbar innerhalb von 2-5 Werktagen,2023-05-03 00:43:47.179573,Schaschlik Sauce,Hinweis zur Aufbewahrung: Nach dem Öffnen im Kühlschrank aufbewahren.,"Verantwortliches Lebensmittelunternehmen:
Unilever Deutschland, Postfach 570 237, 22771 Hamburg","Zutatenverzeichnis: Zutaten: 67% Tomatenmark, Zucker, Branntweinessig, 4% Zwiebeln, modifizierte Stärke, Speisesalz, Gewürze, Rapsöl, Aromen, Säuerungsmittel Citronensäure, Rote Bete-Saftkonzentrat.",102,433,"1,5","0,1",19,16,"1,3","2,1",https://www.edeka24.de/Lebensmittel/Sossen/Grillsaucen/Knorr-Schaschlik-Sauce-250ML.html,https://www.edeka24.de/out/pictures/generated/product/1/540_540_90/knorrschaschliksauce(1).jpg
1931,Lebensmittel,Soßen,Grillsaucen,P&W Hamburger Sauce 425G,"2,19 €","5,15 €/kg","inkl. MwSt., zzgl. 4.95 € Versandkosten.",lieferbar innerhalb von 2-5 Werktagen,2023-05-03 00:43:51.287129,Hamburger Sauce,Hinweis zur Aufbewahrung: Bei Raumtemperatur lagern. Nach dem Öffnen im Kühlschrank aufbewahren. Darf nicht in der Sonne stehen oder tiefgefroren werden.,"Verantwortliches Lebensmittelunternehmen:
Orkla Foods Danmark, Delta Park 45, 4 sal, DK-2665 Vallensbaek Strand","Zutatenverzeichnis: Wasser, Rapsöl, Weißkohl, Zucker, Branntweinessig, Blumenkohl, pasteurisiertes EIgelb, Zwiebeln, Gurken, modifizierte Stärke, Gewürze (enthalten SENF), Salz, SENFmehl, Emulgatoren (E415, E410), Säureregulator (E296), Konservierungsstoffe (E202, E211), Antioxidationsmittel (E385).",1176,281,25,"1,9",14,12,"0,9","0,52",https://www.edeka24.de/Lebensmittel/Sossen/Grillsaucen/P-W-Hamburger-Sauce-425G-oxid.html,https://www.edeka24.de/out/pictures/generated/product/1/540_540_90/pampampw_hamburger_sauce_425g.jpg
1932,Lebensmittel,Soßen,Grillsaucen,Heinz HP Honey BBQ Sauce 400ML,"4,79 €","11,98 €/l","inkl. MwSt., zzgl. 4.95 € Versandkosten.",lieferbar innerhalb von 2-5 Werktagen,2023-05-03 00:43:54.334838,Rauchige HP Barbecue Sauce mit Honignote,Hinweis zur Aufbewahrung: Nach dem Öffnen gekühlt aufbewahren.,"Verantwortliches Lebensmittelunternehmen:
H.J. Heinz GmbH, Postfach 140555, 40075 Düsseldorf","Zutatenverzeichnis: Tomaten, Glukose-Fruktosesirup, Branntweinessig, Zucker, Melasse, Honig 4%, modifizierte Maisstärke, Salz, Raucharomen, Gewürze, Aromen.",547,129,"0,1","0,1","30,6","24,2","0,5","1,4",https://www.edeka24.de/Lebensmittel/Sossen/Grillsaucen/Heinz-HP-Honey-BBQ-Sauce-400ML.html,https://www.edeka24.de/out/pictures/generated/product/1/540_540_90/hpbbqhoney.jpg
1933,Lebensmittel,Soßen,Grillsaucen,Kühne Made For Meat Smoked Pepper BBQ 235ML,"1,79 €","7,62 €/l","inkl. MwSt., zzgl. 4.95 € Versandkosten.",lieferbar innerhalb von 2-5 Werktagen,2023-05-03 00:43:57.622459,Würzsauce,Hinweis zur Aufbewahrung: Nach Anbruch kühl lagern.,"Verantwortliches Lebensmittelunternehmen:
Carl Kühne KG (GmbH & Co.), 22761 Hamburg","Zutatenverzeichnis: Tomatenmark, Zucker, Zwiebeln, Branntweinessig, Wasser, Paprika, Tomatenwürfel, modifizierte Stärke, Melasse, Apfelsaftkonzentrat, Salz, Karamellzuckersirup, Knoblauch, Bourbon Whisky (0,3%), südamerikanischer schwarzer Pfeffer, geräucherter schwarzer Pfeffer (0,2%), Bratzwiebelextrakt, Gewürz, Rauch.",491,116,"0,2","0,1",26,20,1,"1,8",https://www.edeka24.de/Lebensmittel/Sossen/Grillsaucen/Kuehne-Made-For-Meat-Smoked-Pepper-BBQ-235ML.html,https://www.edeka24.de/out/pictures/generated/product/1/540_540_90/kuehne_wuerzsauce_spepp235ml.jpg
1934,Lebensmittel,Soßen,Grillsaucen,Knorr Honig-Senf Sauce 250ML,"1,59 €","6,36 €/l","inkl. MwSt., zzgl. 4.95 € Versandkosten.",lieferbar innerhalb von 2-5 Werktagen,2023-05-03 00:44:01.158251,Honig-Senf Sauce,Hinweis zur Aufbewahrung: Nach dem Öffnen im Kühlschrank aufbewahren.,"Verantwortliches Lebensmittelunternehmen:
Unilever Deutschland, Postfach 570 237, 22771 Hamburg","Zutatenverzeichnis: Zutaten: Trinkwasser, 27% Senf (Trinkwasser, SENFSAAT, Branntweinessig, Speisesalz, Aromen, Gewürze), Rapsöl, Zucker, Essig (GERSTENMALZ, Rotwein, Branntwein), modifizierte Stärke, 2% Honig, EIGELB, Speisesalz, Dill, natürliches Aroma, Farbstoff Carotin.",1098,262,23,"1,8",11,"8,3","1,9","1,8",https://www.edeka24.de/Lebensmittel/Sossen/Grillsaucen/Knorr-Honig-Senf-Sauce-250ML.html,https://www.edeka24.de/out/pictures/generated/product/1/540_540_90/knorr_honigsenf_sauce_250_ml.jpg
1935,Lebensmittel,Soßen,Grillsaucen,Heinz Bulls-Eye Burger Sauce 300ML,"4,29 €","14,30 €/l","inkl. MwSt., zzgl. 4.95 € Versandkosten.",lieferbar innerhalb von 2-5 Werktagen,2023-05-03 00:44:05.132932,Rauchige Burger-Sauce mit Gemüsestückchen.,Hinweis zur Aufbewahrung: Nach dem Öffnen gekühlt aufbewahren.,"Verantwortliches Lebensmittelunternehmen:
H.J. Heinz GmbH, Postfach 140555, 40075 Düsseldorf","Zutatenverzeichnis: Wasser, Tomatenmark, Branntweinessig*, Rapsöl, Zucker, Glukose-Fruktose-Sirup, modifizierte Stärke, EIGELB, Paprika 2,5%, Zwiebeln 2%, Gewürzgurken 2%, Salz, Raucharoma, Gewürze, Säuerungsmittel (Milchsäure), Verdickungsmittel (Xanthan), Aromen, Farbstoff (Paprikaextrakt), Antioxidationsmittel (Calcium-Dinatrium-EDTA). *Österreich: Weingeistessig.",819,197,14,"1,2",16,12,1,"1,5",https://www.edeka24.de/Lebensmittel/Sossen/Grillsaucen/Heinz-Bulls-Eye-Burger-Sauce-300ML.html,https://www.edeka24.de/out/pictures/generated/product/1/540_540_90/buleyebursau.jpg
1936,Lebensmittel,Soßen,Grillsaucen,Kühne Made for Meat Flame Roasted Paprika 235ML,"1,79 €","7,62 €/l","inkl. MwSt., zzgl. 4.95 € Versandkosten.",lieferbar innerhalb von 2-5 Werktagen,2023-05-03 00:44:08.892784,Würzsauce mit gerösteter Paprika,Hinweis zur Aufbewahrung: Nach Anbruch gekühlt lagern.,"Verantwortliches Lebensmittelunternehmen:
Carl Kühne KG (GmbH & Co.), Kühnehöfe 11, 22761 Hamburg","Zutatenverzeichnis: Tomatenmark, Wasser, Paprika, Zucker, Branntweinessig, Zwiebeln, Tomatenwürfel, modifizierte Stärke, Salz, gegrillte Paprika (1%), Knoblauch, Kräuter, Gewürze, Rote Bete- und Zitronensaftkonzentrat, gerösteter SESAM, südamerikanischer schwarzer Pfeffer",81,342,"0,3","0,1",17,12,"1,2","2,2",https://www.edeka24.de/Lebensmittel/Sossen/Grillsaucen/Kuehne-Made-for-Meat-Flame-Roasted-Paprika-235ML.html,https://www.edeka24.de/out/pictures/generated/product/1/540_540_90/khnemfmflameroastpaprika.jpg
1937,Lebensmittel,Soßen,Grillsaucen,Block House Rouille Sauce 240ML,"2,79 €","11,63 €/l","inkl. MwSt., zzgl. 4.95 € Versandkosten.",lieferbar innerhalb von 2-5 Werktagen,2023-05-03 00:44:12.358341,Würzsauce mit Knoblauch und Paprikamark,Hinweis zur Aufbewahrung: Nach dem Öffnen bei +2°C bis +7°C aufbewahren und bald verzehren.,"Verantwortliches Lebensmittelunternehmen:
Block House, 22339 Hamburg","Zutatenverzeichnis: Wasser, Rapsöl, JOGHURT, Knoblauch (3%), Zucker, Tomatenmark, Branntweinessig, modifizierte Stärke, Speisesalz, Paprikamark (1%), Gewürze, Kräuter, MILCHEIWEISSERZEUGNIS, färbender Pflanzenextrakt (Karotte/Kürbis), Paprikaflocken, Würze, Gewürzextrakte, Verdickungsmittel (Xanthan), natürliches Paprika-Aroma.",966,233,21,"1,9","6,7","4,3",2,"1,7",https://www.edeka24.de/Lebensmittel/Sossen/Grillsaucen/Block-House-Rouille-Sauce-240ML.html,https://www.edeka24.de/out/pictures/generated/product/1/540_540_90/block_house_knoblauch_sauce_rouille_240ml.jpg
1938,Lebensmittel,Soßen,Grillsaucen,Knorr Cocktail Sauce 250ML,"1,59 €","6,36 €/l","inkl. MwSt., zzgl. 4.95 € Versandkosten.",lieferbar innerhalb von 2-5 Werktagen,2023-05-03 00:44:16.351782,-,Hinweis zur Aufbewahrung: Nach dem Öffnen im Kühlschrank aufbewahren.,"Verantwortliches Lebensmittelunternehmen:
Unilever Deutschland, Postfach 570 237, 22771 Hamburg","Zutatenverzeichnis: Trinkwasser, 22% Tomatenmark, Rapsöl, Zucker, Essig (Branntwein, GERSTENMALZ), modifizierte Stärke, Glukosesirup, EIGELB, Speisesalz, Gewürze (mit SENFSAAT), Whisky, Konservierungsstoff Sorbinsäure, ANCHOVIS, Aromen (mit GERSTE, MILCH), Zitronensaftkonzentrat, Kräuter, Sonnenblumenöl, Farbstoff Paprikaextrakt, Antioxidationsmittel E385.",1044,249,21,"1,7",13,"6,8","0,7","1,2",https://www.edeka24.de/Lebensmittel/Sossen/Grillsaucen/Knorr-Cocktail-Sauce-250ML.html,https://www.edeka24.de/out/pictures/generated/product/1/540_540_90/knorr_cocktail_sauce_250ml.jpg
1939,Lebensmittel,Soßen,Grillsaucen,Kühne Schaschlik Sauce 250ML,"1,59 €","6,36 €/l","inkl. MwSt., zzgl. 4.95 € Versandkosten.",lieferbar innerhalb von 2-5 Werktagen,2023-05-03 00:44:20.205930,Schaschlik Sauce mit Paprika und grünem Pfeffer,Hinweis zur Aufbewahrung: Nach Anbruch kühl lagern.,"Verantwortliches Lebensmittelunternehmen:
Carl Kühne KG, 22761 Hamburg","Zutatenverzeichnis: Tomatenmark, Glukose-Fruktose-Sirup, Branntweinessig, Paprika (8%), modifizierte Stärke, Salz, Gewürze, SENFSAATEN, Paprikagewürz (0,5%), Verdickungsmittel Xanthan, grüner Pfeffer (0,2%), Bratzwiebelextrakt",442,104,"0,5","0,1",22,19,"1,6","2,6",https://www.edeka24.de/Lebensmittel/Sossen/Grillsaucen/Kuehne-Schaschlik-Sauce-250ML.html,https://www.edeka24.de/out/pictures/generated/product/1/540_540_90/khne-schaschlik-sauce.jpg
1940,Lebensmittel,Soßen,Grillsaucen,Hellmann's Cheese Style Sauce 250ML,"2,19 €","8,76 €/l","inkl. MwSt., zzgl. 4.95 € Versandkosten.",lieferbar innerhalb von 2-5 Werktagen,2023-05-03 00:44:23.628082,Sauce mit Käsegeschmack,Hinweis zur Aufbewahrung: Nach dem Öffnen im Kühlschrank aufbewahren.,"Verantwortliches Lebensmittelunternehmen:
Unilever Deutschland, Postfach 570237, 22771 Hamburg","Zutatenverzeichnis: Pflanzliche Öle (Sonnenblumen, Raps), Trinkwasser, Zucker, Essig (Weißwein, Branntwein / Weingeist), modifizierte Stärke, EIGELB, Speisesalz, 1% CHEDDARKÄSE, Säuerungsmittel (Milchsäure), Aromen (mit MILCH), Verdickungsmittel (Xanthan), Antioxidationsmittel (E385), Farbstoff (Carotin).",1745,417,43,"5,5","7,7","4,6","0,9","1,8",https://www.edeka24.de/Lebensmittel/Sossen/Grillsaucen/Hellmann-s-Cheese-Style-Sauce-250ML.html,https://www.edeka24.de/out/pictures/generated/product/1/540_540_90/hellmannchesty.jpg
1941,Lebensmittel,Soßen,Grillsaucen,Develey Spicy Burger Sauce 250ML,"1,89 €","7,56 €/l","inkl. MwSt., zzgl. 4.95 € Versandkosten.",lieferbar innerhalb von 2-5 Werktagen,2023-05-03 00:44:26.932283,-,,"Verantwortliches Lebensmittelunternehmen:
Develey Senf & Feinkost GmbH, 82001 Unterhaching","Zutatenverzeichnis: Rapsöl, Tomatenmark, Trinkwasser, Branntweinessig, Zucker, 4% Jalapeño-Chili, Zwiebeln, SENFSAAT, Salz, modifizierte Maisstärke, MILCHEIWEISS, Gewürze, TABASCO® Brand Pepper Sauce (Branntweinessig, rote Chilischoten, Salz), Gewürzextrakt, Verdickungsmittel (Xanthan).",1314,318,"29,5","2,2","10,5","8,8","1,5","1,7",https://www.edeka24.de/Lebensmittel/Sossen/Grillsaucen/Develey-Spicy-Burger-Sauce-250ML.html,https://www.edeka24.de/out/pictures/generated/product/1/540_540_90/develspicy_burger_sauce_250ml.jpg
1942,Lebensmittel,Soßen,Grillsaucen,Kühne Made For Meat Siracha Hot Chili 235ML,"1,79 €","7,62 €/l","inkl. MwSt., zzgl. 4.95 € Versandkosten.",lieferbar innerhalb von 2-5 Werktagen,2023-05-03 00:44:30.454688,Würzsauce,Hinweis zur Aufbewahrung: Nach Anbruch kühl lagern.,"Verantwortliches Lebensmittelunternehmen:
Carl Kühne KG (GmbH & Co.), 22761 Hamburg","Zutatenverzeichnis: Tomatenmark, roter und grüner Paprika (13%), Zucker, Branntweinessig, modifizierte Stärke, Knoblauch (2,8%), Chili, Salz, roter und grüner Jalapeno Chili (1,6%), Ancho Chili (0,2%), Knoblauchextrakt",447,105,"0,3","0,1",23,17,"1,3","2,5",https://www.edeka24.de/Lebensmittel/Sossen/Grillsaucen/Kuehne-Made-For-Meat-Siracha-Hot-Chili-235ML.html,https://www.edeka24.de/out/pictures/generated/product/1/540_540_90/kuehne_wuerzsauce_hchil235ml.jpg
1943,Lebensmittel,Soßen,Grillsaucen,Papa Joe's Knoblauch Sauce 300ML,"1,99 €","6,63 €/l","inkl. MwSt., zzgl. 4.95 € Versandkosten.",lieferbar innerhalb von 2-5 Werktagen,2023-05-03 00:44:34.314219,Knoblauch-Sauce,Hinweis zur Aufbewahrung: Vor Wärme geschützt und trocken lagern.,"Verantwortliches Lebensmittelunternehmen:
EUCO GmbH, D-22291 Hamburg","Zutatenverzeichnis: Wasser, Rapsöl, SÜßMOLKENPULVER, Branntweinessig, 5,3% Knoblauch, modifizierte Stärke, Zucker, Speisesalz, Verdickungsmittel: Xanthan; Gewürze (enthält SENF), Säuerungsmittel: Citronensäure; Kräuter, Zitronensaft aus Zitronensaftkonzentrat, Gewürzextrakt.",1583,383,"35,5","2,5",12,"8,8","1,3","1,2",https://www.edeka24.de/Lebensmittel/Sossen/Grillsaucen/Papa-Joe-s-Knoblauch-Sauce-300ML.html,https://www.edeka24.de/out/pictures/generated/product/1/540_540_90/papa_joe039s_knoblauchsauce_300ml.jpg
1944,Lebensmittel,Soßen,Grillsaucen,Kühne Steak Grillsauce 250ML,"1,59 €","6,36 €/l","inkl. MwSt., zzgl. 4.95 € Versandkosten.",lieferbar innerhalb von 2-5 Werktagen,2023-05-03 00:44:37.871444,-,Hinweis zur Aufbewahrung: Nach Anbruch im Kühlschrank lagern.,"Verantwortliches Lebensmittelunternehmen:
Carl Kühne KG (GmbH & Co.), Kühnehöfe 11, D-22761 Hamburg","Zutatenverzeichnis: Tomatenmark, Glukose-Fruktose-Sirup, Branntweinessig, Zwiebeln (4%), modifizierte Stärke, Salz, Mangochutney(Mango-Fruchtfleisch, Zucker, Gewürze, Branntweinessig, Glukosesirup), Kräuter, grüner Pfeffer (0,6%), Gewürze, schwarzer Pfeffer (0,4%), Verdickungsmittel Johannisbrotkernmehl, Apfelsaftkonzentrat, SENFSAAT",419,99,"0,1","0,1",22,16,"1,2","2,3",https://www.edeka24.de/Lebensmittel/Sossen/Grillsaucen/Kuehne-Steak-Grillsauce-250ML.html,https://www.edeka24.de/out/pictures/generated/product/1/540_540_90/khne-steak-sauce.jpg
1945,Lebensmittel,Soßen,Grillsaucen,Heinz Bulls-Eye New York Style Steakhouse BBQ Sauce 300ML,"4,29 €","14,30 €/l","inkl. MwSt., zzgl. 4.95 € Versandkosten.",lieferbar innerhalb von 2-5 Werktagen,2023-05-03 00:44:41.121508,Barbecuesauce mit Zwiebeln und Paprika,Hinweis zur Aufbewahrung: Nach dem Öffnen gekühlt aufbewahren.,"Verantwortliches Lebensmittelunternehmen:
H.J. Heinz GmbH, Postfach 140555, 40075 Düsseldorf","Zutatenverzeichnis: Tomatenmark, Zucker, Branntweinessig*, Paprika 5%, Salz, Senf (Wasser, Branntweinessig*, SENFMEHL, Zucker, Salz), getrocknete Zwiebeln 1,5%, modifizierte Stärke, Gewürze, Knoblauch. *Österreich: Weingeistessig.",769,181,"0,6",0,40,38,"1,8","2,9",https://www.edeka24.de/Lebensmittel/Sossen/Grillsaucen/Heinz-Bulls-Eye-New-York-Style-Steakhouse-BBQ-Sauce-300ML.html,https://www.edeka24.de/out/pictures/generated/product/1/540_540_90/buleyestesau.jpg
1946,Lebensmittel,Soßen,Grillsaucen,Block House Chili Sauce 240ML,"2,79 €","11,63 €/l","inkl. MwSt., zzgl. 4.95 € Versandkosten.",lieferbar innerhalb von 2-5 Werktagen,2023-05-03 00:44:44.862930,Scharfe Würzsauce mit Zwiebeln und Paprika,Hinweis zur Aufbewahrung: Nach dem Öffnen bei +2°C bis +7°C aufbewahren und bald verzehren.,"Verantwortliches Lebensmittelunternehmen:
Block House 22339 Hamburg","Zutatenverzeichnis: Wasser, Tomatenmark, Zucker, Gurken (Gurken, Branntweinessig, Speisesalz, Zucker, Dillextrakt), Zwiebeln (6%), Paprika (6%), Branntweinessig, Paprikamark, Orangensaftkonzentrat, Speisesalz, Verdickungsmittel (Xanthan, Guarkernmehl), modifizierte Stärke, Chili (1%), Chiliextrakt",308,73,"0,1",0,15,14,"1,3","2,3",https://www.edeka24.de/Lebensmittel/Sossen/Grillsaucen/Block-House-Chili-Sauce-240ML.html,https://www.edeka24.de/out/pictures/generated/product/1/540_540_90/block_house_chili_sauce_240ml.jpg
1947,Lebensmittel,Soßen,Grillsaucen,Maggi Texicana Salsa 500ML,"2,79 €","5,58 €/l","inkl. MwSt., zzgl. 4.95 € Versandkosten.",lieferbar innerhalb von 2-5 Werktagen,2023-05-03 00:44:48.345360,Tomaten-Chili-Sauce,Hinweis zur Aufbewahrung: Nach Anbruch kühl lagern. Vor Gebrauch gut schütteln.,"Verantwortliches Lebensmittelunternehmen:
Maggi GmbH, 78221 Singen (Hohentwiel)","Zutatenverzeichnis: 35 % Tomatenmark, Zucker, Alkoholessig, Trinkwasser, 7,5 % Tomatenwürfel, 6 % Paprika, Zwiebeln, 2,9 % Jalapeno-Chili, 2,5 % Tomatensaft, modifizierte Stärke, Jodsalz, Rote-Bete-Saftkonzentrat, Aromen, Gewürze, Verdickungsmittel Xanthan, Säuerungsmittel Citronensäure, Festigungsmittel Calciumchlorid. Kann MILCH und SELLERIE enthalten.",412,98,"0,2",0,22,19,1,"2,5",https://www.edeka24.de/Lebensmittel/Sossen/Grillsaucen/Maggi-Texicana-Salsa-500ML.html,https://www.edeka24.de/out/pictures/generated/product/1/540_540_90/maggi_texicana_salsa_500_ml.jpg
1948,Lebensmittel,Soßen,Grillsaucen,Papa Joe's BBQ Sauce 300ML,"1,99 €","6,63 €/l","inkl. MwSt., zzgl. 4.95 € Versandkosten.",lieferbar innerhalb von 2-5 Werktagen,2023-05-03 00:44:51.828205,-,Hinweis zur Aufbewahrung: Vor Wärme geschützt und trocken lagern.,"Verantwortliches Lebensmittelunternehmen:
EUCO GmbH, D-22291 Hamburg","Zutatenverzeichnis: Tomatenmarke einfach konzentriert, brauner Rohrzucker, Zucker, Wasser, Branntweinessig, 5% roter Paprika, 4% eingelegte Silberzwiebeln (Silberzwiebeln, Wasser, Branntweinessig, Speisesalz, Antioxidationsmittel: NATRIUMMETABISULFIT), Orangensaftkonzentrat, modifizierte Stärke, Speisesalz, 2% eingelegte Gurken (Gurken, Wasser, Branntweinessig, Speisesalz, Zucker), Gewürze (enthält SELLERIE, SENF), geräuchertes Speisesalz (Speisesalz, Rauch), Zitronensaftkonzentrat, Gewürzextrakt.",737,174,"0,2","0,1","39,9","35,7","1,3","2,7",https://www.edeka24.de/Lebensmittel/Sossen/Grillsaucen/Papa-Joe-s-BBQ-Sauce-300ML.html,https://www.edeka24.de/out/pictures/generated/product/1/540_540_90/papa_joe039s_bbqsauce_300ml.jpg
1949,Lebensmittel,Soßen,Grillsaucen,Maggi Asia Sauce süss-scharf 500ML,"2,79 €","5,58 €/l","inkl. MwSt., zzgl. 4.95 € Versandkosten.",lieferbar innerhalb von 2-5 Werktagen,2023-05-03 00:44:54.948443,Süß-scharfe Sauce,Hinweis zur Aufbewahrung: Nach Anbruch gekühlt lagern.,"Verantwortliches Lebensmittelunternehmen:
Maggi GmbH, 78221 Singen (Hohentwiel)","Zutatenverzeichnis: Trinkwasser, Zucker, Branntweinessig, 4,7% Ananas, modifizierte Stärke, Maltodextrin, Jodsalz, Ananassaft, Paprika, Gewürze, Curry (mit SELLERIE, SENF), Aromen, Verdickungsmittel Xanthan, Säuerungsmittel Citronensäure. Kann MILCH enthalten.",524,123,"0,1",0,29,24,"0,2","2,2",https://www.edeka24.de/Lebensmittel/Sossen/Grillsaucen/Maggi-Asia-Sauce-suess-scharf-500ML.html,https://www.edeka24.de/out/pictures/generated/product/1/540_540_90/maggi_asia_sauce_sssscharf_500_ml.jpg
1950,Lebensmittel,Soßen,Grillsaucen,Block House Curry Sauce 240ML,"2,79 €","11,63 €/l","inkl. MwSt., zzgl. 4.95 € Versandkosten.",lieferbar innerhalb von 2-5 Werktagen,2023-05-03 00:44:57.550854,Würzsauce mit Mango und Curry,Hinweis zur Aufbewahrung: Nach dem Öffnen bei +2°C bis +7°C aufbewahren und bald verzehren.,"Verantwortliches Lebensmittelunternehmen:
Block House 22339 Hamburg","Zutatenverzeichnis: Wasser, Rapsöl, Zucker, Mango Chutney (Zucker, Mango, Salz, Essig, Chili, Ingwer) (5%), Curry (Curcuma, Coriander, Bockshornklee, Ingwer, Zitronenschalen, Pfeffer, Chili, Lorbeer) (3,2%), Apfelsaftkonzentrat, Branntweinessig, Karotten, Speisesalz, GEWÜRZE (enthält SENF), SENFSAATEN, Dextrose, Ananaspulver (Maltodextrin, Ananassaftkonzentrat, Säuerungsmittel (Citronensäure)), modifizierte Stärke, Verdickungsmittel (Guarkernmehl, Xanthan), MILCHEIWEISSERZEUGNIS, Schnittlauch, natürliches Aroma, Kreuzkümmel, Säuerungsmittel (Citronensäure)",896,215,15,"6,9",16,15,"1,5","2,3",https://www.edeka24.de/Lebensmittel/Sossen/Grillsaucen/Block-House-Curry-Sauce-240ML.html,https://www.edeka24.de/out/pictures/generated/product/1/540_540_90/block_house_sweet_mango_curry_240ml.jpg
1951,Lebensmittel,Soßen,Grillsaucen,Heinz Knoblauch Sauce 220ML,"2,49 €","11,32 €/l","inkl. MwSt., zzgl. 4.95 € Versandkosten.",lieferbar innerhalb von 2-5 Werktagen,2023-05-03 00:45:00.830184,Knoblauch Sauce,Hinweis zur Aufbewahrung: Nach dem Öffnen gekühlt aufbewahren. Vor dem Gebrauch Deckel öffnen und Folie entfernen.,"Verantwortliches Lebensmittelunternehmen:
H. J. Heinz GmbH, Erkrather Str. 228b 40233 Düsseldorf","Zutatenverzeichnis: Wasser, Sonnenblumenöl 35%, Branntweinessig*, Zucker, Knoblauch 5%, Molkenpulver (MILCH), modifizierte Stärke, Salz, Gewürze (enthalten SENF), Schnittlauch, Säuerungsmittel (Citronensäure), Verdickungsmittel (Xanthan, Guarkernmehl), natürliches Aroma. *Österreich: Weingeistessig",1526,371,35,"2,9",11,"8,4","1,9","1,3",https://www.edeka24.de/Lebensmittel/Sossen/Grillsaucen/Heinz-Knoblauch-Sauce-220ML.html,https://www.edeka24.de/out/pictures/generated/product/1/540_540_90/heinzknobsau.jpg
1952,Lebensmittel,Soßen,Grillsaucen,Heinz Bulls-Eye Spicy Garlic BBQ Sauce 300ML,"4,29 €","14,30 €/l","inkl. MwSt., zzgl. 4.95 € Versandkosten.",lieferbar innerhalb von 2-5 Werktagen,2023-05-03 00:45:05.286889,Barbecuesauce mit Knoblauch und Chili,Hinweis zur Aufbewahrung: Nach dem Öffnen gekühlt aufbewahren.,"Verantwortliches Lebensmittelunternehmen:
H.J. Heinz GmbH, Postfach 140555, 40075 Düsseldorf","Zutatenverzeichnis: Wasser, Rapsöl, Branntweinessig*, Zucker, Knoblauch 3,5%, EIGELB, Chili 2,5%, modifizierte Stärke, Salz, Apfelessig, SENFMEHL, Verdickungsmittel (Xanthan), Aroma, Antioxidationsmittel (Calcium-Dinatrium-EDTA). *Österreich: Weingeistessig.",1078,260,22,"1,8",13,10,"0,9","1,9",https://www.edeka24.de/Lebensmittel/Sossen/Grillsaucen/Heinz-Bulls-Eye-Spicy-Garlic-BBQ-Sauce-300ML.html,https://www.edeka24.de/out/pictures/generated/product/1/540_540_90/bullseye_spicy_garlic_300ml.jpg
1953,Lebensmittel,Soßen,Grillsaucen,Kühne Cocktail Sauce 250ML,"1,59 €","6,36 €/l","inkl. MwSt., zzgl. 4.95 € Versandkosten.",lieferbar innerhalb von 2-5 Werktagen,2023-05-03 00:45:08.790055,Cocktail Sauce,Hinweis zur Aufbewahrung: Nach Anbruch kühl lagern.,"Verantwortliches Lebensmittelunternehmen:
Carl Kühne KG, 22761 Hamburg","Zutatenverzeichnis: Wasser, Tomatenmark (21%), Rapsöl, Glukose-Fruktose-Sirup, Branntweinessig, modifizierte Stärke, Salz, Apfelsaftkonzentrat, SENFSAATEN, Verdickungsmittel Xanthan, Gewürze, EIGELB, MILCHEIWEISS.",754,182,16,"1,1","8,2","7,3","0,5","1,2",https://www.edeka24.de/Lebensmittel/Sossen/Grillsaucen/Kuehne-Cocktail-Sauce-250ML.html,https://www.edeka24.de/out/pictures/generated/product/1/540_540_90/khne-cocktail-sauce.jpg
1954,Lebensmittel,Soßen,Grillsaucen,Heinz HP Spicy BBQ Sauce 400ML,"4,79 €","11,98 €/l","inkl. MwSt., zzgl. 4.95 € Versandkosten.",lieferbar innerhalb von 2-5 Werktagen,2023-05-03 00:45:15.834474,Rauchige HP Barbecue scharf.,Hinweis zur Aufbewahrung: Nach dem Öffnen gekühlt aufbewahren.,"Verantwortliches Lebensmittelunternehmen:
H.J. Heinz GmbH, Postfach 140555, 40075 Düsseldorf","Zutatenverzeichnis: Tomaten, Glukose-Fruktosesirup, Branntweinessig*, Melasse, Zucker, modifizierte Maisstärke, Salz, Gewürze, Raucharomen, Säuerungsmittel (Apfelsäure), Aromen. *Österreich: Weingeistessig",590,139,"0,1","0,1","32,9","26,6","0,6","1,3",https://www.edeka24.de/Lebensmittel/Sossen/Grillsaucen/Heinz-HP-Spicy-BBQ-Sauce-400ML.html,https://www.edeka24.de/out/pictures/generated/product/1/540_540_90/hp_bbq_sauce_spicy_woodsmoke_470g.jpg
1955,Lebensmittel,Soßen,Grillsaucen,Kühne Made for Veggies Knoblauch Mediterran 235ML,"1,79 €","7,62 €/l","inkl. MwSt., zzgl. 4.95 € Versandkosten.",lieferbar innerhalb von 2-5 Werktagen,2023-05-03 00:45:20.355879,Knoblauchsauce mit Kräutern mediterraner Art.,Hinweis zur Aufbewahrung: Nach Anbruch gekühlt lagern.,"Verantwortliches Lebensmittelunternehmen:
Carl Kühne KG, 22761 Hamburg","Zutatenverzeichnis: Wasser, Rapsöl, Zwiebeln, Zucker, modifizierte Stärke, Branntweinessig, Frühlingszwiebeln (2%), Salz, Knoblauch (1,5%), Weißweinessig, mediterrane Kräuter (0,6%), Petersilie, Apfelsaftkonzentrat, Gewürzextrakte, Zitronensaftkonzentrat, Gewürz.",844,203,16,"1,2",14,9,"0,2","2,1",https://www.edeka24.de/Lebensmittel/Sossen/Grillsaucen/Kuehne-Made-for-Veggies-Knoblauch-Mediterran-235ML.html,https://www.edeka24.de/out/pictures/generated/product/1/540_540_90/madeveggieknobmed(1).jpg
1956,Lebensmittel,Soßen,Grillsaucen,Hellmann's Garlic & Herb Sauce 250ML,"2,19 €","8,76 €/l","inkl. MwSt., zzgl. 4.95 € Versandkosten.",lieferbar innerhalb von 2-5 Werktagen,2023-05-03 00:45:24.366324,Knoblauch Sauce,Hinweis zur Aufbewahrung: Nach dem Öffnen im Kühlschrank aufbewahren.,"Verantwortliches Lebensmittelunternehmen:
Unilever Deutschland, Postfach 570237, 22771 Hamburg","Zutatenverzeichnis: Trinkwasser, Rapsöl, MAGERMILCHJOGHURT, Zucker, modifizierte Stärke, Branntweinessig / Weingeistessig, EIGELB, Speisesalz, 0,5% Knoblauchpulver, Gewürze (mit SENFSAAT), Zwiebeln, Säuerungsmittel (Citronensäure, Milchsäure), Petersilie, Aromen, Konservierungsstoff (Sorbinsäure), Verdickungsmittel (Xanthan), Antioxidationsmittel (E385).",1228,290,26,"2,2",13,9,"1,1","1,5",https://www.edeka24.de/Lebensmittel/Sossen/Grillsaucen/Hellmann-s-Garlic-Herb-Sauce-250ML.html,https://www.edeka24.de/out/pictures/generated/product/1/540_540_90/hellmanngarsau.jpg
1957,Lebensmittel,Soßen,Grillsaucen,Kühne Mexico Salsa 250ML,"1,59 €","6,36 €/l","inkl. MwSt., zzgl. 4.95 € Versandkosten.",lieferbar innerhalb von 2-5 Werktagen,2023-05-03 00:45:27.711651,Mexiko Sauce mit grüner und roter Paprika,Hinweis zur Aufbewahrung: Nach Anbruch im Kühlschrank lagern.,"Verantwortliches Lebensmittelunternehmen:
Carl Kühne KG, 22761 Hamburg","Zutatenverzeichnis: Tomatenmark, Glukose-Fruktose-Sirup, Zwiebeln, Branntweinessig, grüne Paprika (4%), rote Paprika (4%), modifizierte Stärke, Salz, Kräuter, Gewürze, Chili (0,5%), Verdickungsmittel Xanthan, Säuerungsmittel Milchsäure.",433,102,"0,1","0,1",23,19,"1,1","2,4",https://www.edeka24.de/Lebensmittel/Sossen/Grillsaucen/Kuehne-Mexico-Salsa-250ML.html,https://www.edeka24.de/out/pictures/generated/product/1/540_540_90/khne-mexico-sauce.jpg
1958,Lebensmittel,Soßen,Grillsaucen,Knorr Curry Sauce 250ML,"1,59 €","6,36 €/l","inkl. MwSt., zzgl. 4.95 € Versandkosten.",lieferbar innerhalb von 2-5 Werktagen,2023-05-03 00:45:31.276432,Currysauce,Hinweis zur Aufbewahrung: Nach dem Öffnen im Kühlschrank aufbewahren.,"Verantwortliches Lebensmittelunternehmen:
Unilever Deutschland, Postfach 570 237, 22771 Hamburg","Zutatenverzeichnis: Trinkwasser, Rapsöl, Zucker, 5,8% Ananas, Zwiebeln, Apfelpüree, Essig (Rotwein, GERSTENMALZ, Branntwein), modifizierte Stärke, 1,7% Ananassaft, Speisesalz, EIGELB, Curry, Madeirawein, Aroma, Farbstoff (Carotin).",1045,250,21,"1,7",13,"9,1","0,6","1,8",https://www.edeka24.de/Lebensmittel/Sossen/Grillsaucen/Knorr-Curry-Sauce-250ML.html,https://www.edeka24.de/out/pictures/generated/product/1/540_540_90/knorr_curry_sauce_250_ml.jpg
1959,Lebensmittel,Soßen,Grillsaucen,Heinz HP Classic BBQ Sauce 400ML,"4,79 €","11,98 €/l","inkl. MwSt., zzgl. 4.95 € Versandkosten.",lieferbar innerhalb von 2-5 Werktagen,2023-05-03 00:45:35.563768,Rauchige HP BBQ Sauce,Hinweis zur Aufbewahrung: Nach dem Öffnen gekühlt aufbewahren.,"Verantwortliches Lebensmittelunternehmen:
H.J. Heinz GmbH, Postfach 140555, 40075 Düsseldorf","Zutatenverzeichnis: Tomaten, Branntweinessig*, Glukose-Fruktosesirup, Melasse, Zucker, modifizierte Maisstärke, Salz, Gewürze, Raucharoma, Aromen. *Österreich: Weingeistessig",563,133,"0,1","<0,1","31,5","25,5","0,5","1,4",https://www.edeka24.de/Lebensmittel/Sossen/Grillsaucen/Heinz-HP-Classic-BBQ-Sauce-400ML.html,https://www.edeka24.de/out/pictures/generated/product/1/540_540_90/hpbbqclassic.jpg
1960,Lebensmittel,Soßen,Grillsaucen,Heinz Bulls-Eye Original BBQ Sauce 300ML,"4,29 €","14,30 €/l","inkl. MwSt., zzgl. 4.95 € Versandkosten.",lieferbar innerhalb von 2-5 Werktagen,2023-05-03 00:45:39.040836,Rauchige Barbecue Sauce,Hinweis zur Aufbewahrung: Nach dem Öffnen gekühlt aufbewahren.,"Verantwortliches Lebensmittelunternehmen:
H.J. Heinz GmbH, Postfach 140555, 40075 Düsseldorf","Zutatenverzeichnis: Tomatenmark, Zucker, Branntweinessig*, Melasse, Wasser, modifizierte Stärke, Salz, SENFMEHL, Maltodextrin, Rauch, Raucharoma, Gewürze, Zwiebeln, Knoblauch. *Österreich: Weingeistessig.",671,160,"0,2","0,1",38,33,"1,3","2,5",https://www.edeka24.de/Lebensmittel/Sossen/Grillsaucen/Heinz-Bulls-Eye-Original-BBQ-Sauce-300ML.html,https://www.edeka24.de/out/pictures/generated/product/1/540_540_90/buleyeorig.jpg
1961,Lebensmittel,Soßen,Grillsaucen,Hellmann's BBQ Sauce 250ML,"2,19 €","8,76 €/l","inkl. MwSt., zzgl. 4.95 € Versandkosten.",lieferbar innerhalb von 2-5 Werktagen,2023-05-03 00:45:42.747848,Barbecue Sauce,Hinweis zur Aufbewahrung: Nach dem Öffnen im Kühlschrank aufbewahren.,"Verantwortliches Lebensmittelunternehmen:
Unilever Deutschland, Postfach 570237, 22771 Hamburg","Zutatenverzeichnis: Tomatenmark, Zucker, Trinkwasser, Weißweinessig, Melasse, modifizierte Stärke, Speisesalz, Sonnenblumenöl, Raucharoma, Verdickungsmittel (Xanthan), Gewürze (mit SENFMEHL), Knoblauchpulver, Aroma, Konservierungsstoff (Kaliumsorbat).",762,182,"0,7","0,1",42,30,"0,9",2,https://www.edeka24.de/Lebensmittel/Sossen/Grillsaucen/Hellmann-s-BBQ-Sauce-250ML.html,https://www.edeka24.de/out/pictures/generated/product/1/540_540_90/hellmannbbq.jpg
1962,Lebensmittel,Soßen,Grillsaucen,Heinz Bulls-Eye Dark Beer BBQ Sauce 300ML,"4,29 €","14,30 €/l","inkl. MwSt., zzgl. 4.95 € Versandkosten.",lieferbar innerhalb von 2-5 Werktagen,2023-05-03 00:45:46.729821,Barbecuesauce mit Bier und Raucharoma,Hinweis zur Aufbewahrung: Nach dem Öffnen gekühlt aufbewahren.,"Verantwortliches Lebensmittelunternehmen:
H.J. Heinz GmbH, Postfach 140555, 40075 Düsseldorf","Zutatenverzeichnis: Zucker, Branntweinessig*, Tomatenmark, Bier 8% (Wasser, GERSTENMALZ, Zucker, geröstetes GERSTENMALZ, Hopfen, Hefe), Melasse, Zwiebeln, modifizierte Stärke, Salz, Farbstoff (Zuckerkulör), Knoblauch, SENFMEHL, Gewürze, Raucharoma, Aroma. *Österreich: Weingeistessig.",855,200,"0,4",0,46,42,"1,1",3,https://www.edeka24.de/Lebensmittel/Sossen/Grillsaucen/Heinz-Bulls-Eye-Dark-Beer-BBQ-Sauce-300ML.html,https://www.edeka24.de/out/pictures/generated/product/1/540_540_90/buleyedarbee.jpg
1963,Lebensmittel,Soßen,Grillsaucen,Kühne Made for Meat Steakhouse Argentina Style 235ML,"1,79 €","7,62 €/l","inkl. MwSt., zzgl. 4.95 € Versandkosten.",lieferbar innerhalb von 2-5 Werktagen,2023-05-03 00:45:50.484701,Pfeffrige Steaksauce,Hinweis zur Aufbewahrung: Nach Anbruch gekühlt lagern.,"Verantwortliches Lebensmittelunternehmen:
Carl Kühne KG, Kühnehöfe 11, 22761 Hamburg","Zutatenverzeichnis: Tomatenmark, Zucker, Wasser, Zwiebeln, Branntweinessig, Paprika, modifizierte Stärke, Salz, Mango, Kräuter, südamerikanischer schwarzer Pfeffer, Knoblauch, Karamellzuckersirup, SENFSAAT, Gewürze (enthalten SENF), Chipotle Chili, Rauch.",446,105,"0,4","0,1",23,18,"1,1","2,3",https://www.edeka24.de/Lebensmittel/Sossen/Grillsaucen/Kuehne-Made-for-Meat-Steakhouse-Argentina-Style-235ML.html,https://www.edeka24.de/out/pictures/generated/product/1/540_540_90/kamp252hne_wamp252rzsauce_made_for_meat_steakhouse_argentina_style_235ml.jpg
1964,Lebensmittel,Soßen,Grillsaucen,EDEKA Ajvar scharf 340ML,"1,89 €","5,56 €/l","inkl. MwSt., zzgl. 4.95 € Versandkosten.",lieferbar innerhalb von 2-5 Werktagen,2023-05-03 00:45:54.370362,Scharfe Paprikazubereitung mit Aubergine,Hinweis zur Aufbewahrung: Trocken lagern. Nach dem Öffnen kühl lagern und alsbaldig verbrauchen.,"Verantwortliches Lebensmittelunternehmen:
EDEKA ZENTRALE Stiftung & Co. KG, D-22291 Hamburg","Zutatenverzeichnis: 84% rote Paprika, 7% Aubergine, Sonnenblumenöl, 2% Chili, Zucker, Speisesalz, Knoblauch, Branntweinessig, Antioxidationsmittel: Ascorbinsäure; Gewürze.",81,338,"2,7","0,3","10,5",8,"1,6","1,7",https://www.edeka24.de/Lebensmittel/Sossen/Grillsaucen/EDEKA-Ajvar-scharf-340ML.html,https://www.edeka24.de/out/pictures/generated/product/1/540_540_90/eajvar_scharf_340ml.jpg
1965,Lebensmittel,Soßen,Grillsaucen,Kühne Curry Grillsauce 250ML,"1,59 €","6,36 €/l","inkl. MwSt., zzgl. 4.95 € Versandkosten.",lieferbar innerhalb von 2-5 Werktagen,2023-05-03 00:45:58.199409,-,Hinweis zur Aufbewahrung: Nach Anbruch im Kühlschrank lagern.,"Verantwortliches Lebensmittelunternehmen:
Carl Kühne KG (GmbH & Co.), Kühnehöfe 11, D-22761 Hamburg","Zutatenverzeichnis: Wasser, Rapsöl, Glukose-Fruktose-Sirup, Ananas (6%), Branntweinessig, modifizierte Stärke, Mango, Curry (1,8%) (enthält SENF), Salz, MOLKENERZEUGNIS, Apfelsaftkonzentrat, Gewürze, Verdickungsmittel Xanthan, Ananssaftkonzentrat, Säuerungsmittel Milchsäure, Aroma, Farbstoff Beta-Carotin",223,924,17,"1,2",16,12,"0,5","1,8",https://www.edeka24.de/Lebensmittel/Sossen/Grillsaucen/Kuehne-Curry-Grillsauce-250ML.html,https://www.edeka24.de/out/pictures/generated/product/1/540_540_90/khne-currysauce.jpg
1966,Lebensmittel,Soßen,Grillsaucen,Kühne Barbecue Sauce 250ML,"1,59 €","6,36 €/l","inkl. MwSt., zzgl. 4.95 € Versandkosten.",lieferbar innerhalb von 2-5 Werktagen,2023-05-03 00:46:01.602493,Barbecue Sauce mit rauchigem Grillgeschmack,Hinweis zur Aufbewahrung: Nach Anbruch kühl lagern.,"Verantwortliches Lebensmittelunternehmen:
Carl Kühne KG, 22761 Hamburg","Zutatenverzeichnis: Tomatenmark (45%), Glukose-Fruktose-Sirup, Wasser, Branntweinessig, modifizierte Stärke, Salz, Farbstoff Ammonsulfit-Zuckercouleur, Raucharoma, Gewürze, Bratzwiebelextrakt",129,547,"0,1","0,1",30,25,"0,9","2,6",https://www.edeka24.de/Lebensmittel/Sossen/Grillsaucen/Kuehne-Barbecue-Sauce-250ML.html,https://www.edeka24.de/out/pictures/generated/product/1/540_540_90/khne-barbecue-sauce.jpg
1967,Lebensmittel,Soßen,Grillsaucen,Heinz Cocktail Sauce 220ML,"2,49 €","11,32 €/l","inkl. MwSt., zzgl. 4.95 € Versandkosten.",lieferbar innerhalb von 2-5 Werktagen,2023-05-03 00:46:04.901447,Cremige Sauce mit Sherry,Hinweis zur Aufbewahrung: Nach dem Öffnen gekühlt aufbewahren. Vor dem Gebrauch Deckel öffnen und Folie entfernen. Vor Gebrauch gut schütteln.,"Verantwortliches Lebensmittelunternehmen:
H. J. Heinz GmbH, Erkrather Str. 228b, 40233 Düsseldorf","Zutatenverzeichnis: Sonnenblumenöl 36%, Tomatenmark 20%, Branntweinessig*, Zucker, Wasser, Molkenpulver (MILCH), Sherry 3,8%, Salz, modifizierte Stärke, SENFSAMENPULVER, Aromen (enthalten EI), Säuerungsmittel (Citronensäure), Verdickungsmittel (Xanthan), Cayennepfeffer. *Österreich: Weingeistessig",399,1648,36,3,15,14,"2,2","1,2",https://www.edeka24.de/Lebensmittel/Sossen/Grillsaucen/Heinz-Cocktail-Sauce-220ML.html,https://www.edeka24.de/out/pictures/generated/product/1/540_540_90/heinz_cocktail_sauce_220ml.jpg
1968,Lebensmittel,Soßen,Grillsaucen,Heinz Bulls-Eye Honey BBQ Sauce 300ML,"4,29 €","14,30 €/l","inkl. MwSt., zzgl. 4.95 € Versandkosten.",lieferbar innerhalb von 2-5 Werktagen,2023-05-03 00:46:08.456958,"Rauchige Barbecuesauce mit Honig, Raucharoma und Tomatenmark",Hinweis zur Aufbewahrung: Nach dem Öffnen gekühlt aufbewahren.,"Verantwortliches Lebensmittelunternehmen:
H.J. Heinz GmbH, Postfach 140555, 40075 Düsseldorf","Zutatenverzeichnis: Tomatenmark 34%, Zucker, Branntweinessig*, Wasser, Melasse, Honig 4%, Apfelessig, Zwiebeln, modifizierte Stärke, Salz, SENFMEHL, Gewürze, Knoblauch, Aroma, Raucharoma. *Österreich: Weingeistessig.",683,161,"1,1","0,1",34,28,"1,6","2,6",https://www.edeka24.de/Lebensmittel/Sossen/Grillsaucen/Heinz-Bulls-Eye-Honey-BBQ-Sauce-300ML.html,https://www.edeka24.de/out/pictures/generated/product/1/540_540_90/buleyehon.jpg
1969,Lebensmittel,Soßen,Ketchup-Mayonnaise,Alnatura Bio Tomaten Ketchup 500ML,"2,69 €","5,38 €/l","inkl. MwSt., zzgl. 4.95 € Versandkosten.",lieferbar innerhalb von 2-5 Werktagen,2023-05-03 00:46:12.099436,-,Hinweis zur Aufbewahrung: Bitte vor dem Öffnen schütteln und anschließend im Kühlschrank aufbewahren.,"Verantwortliches Lebensmittelunternehmen:
Alnatura GmbH, Mahatma-Gandhi-Straße 7, 64295 Darmstadt","Zutatenverzeichnis: Tomatenmark* einfach konzentriert 76%, Rohrohrzucker*, Branntweinessig*, Speisesalz, Gewürze* *aus biologischer Landwirtschaft .",412,97,"0,5","0,1",20,20,2,"2,2",https://www.edeka24.de/index.php?cl=details&anid=cc374885e4d6bc6bfc9b594f76fca00a&emcs0=3&emcs1=Kategorieseite%20-%20Topseller&emcs2=&emcs3=2970673008,https://www.edeka24.de/out/pictures/generated/product/1/540_540_90/alnatura_bio_tomaten_ketchup.jpg
1970,Lebensmittel,Soßen,Ketchup-Mayonnaise,Thomy Remoulade in der Tube 200 ml,"2,39 €","11,95 €/l","inkl. MwSt., zzgl. 4.95 € Versandkosten.",lieferbar innerhalb von 2-5 Werktagen,2023-05-03 00:46:15.608384,-,Hinweis zur Aufbewahrung: Nach Anbruch bitte kühl aufbewahren.,"Verantwortliches Lebensmittelunternehmen:
Nestlé Deutschland AG, 41415 Neuss","Zutatenverzeichnis: 80% Sonnenblumenöl, Branntweinessig, 6,8% EIGELB*, Zucker, Jodsalz, SENFKÖRNER, Kräuter (Petersilie, Kerbel), Gewürze, Aromen (mit SENF, SELLERIE). *(von EIERN aus Bodenhaltung) SPUREN: MILCH",722,2969,79,"9,2","1,8","1,1","1,1","1,1",https://www.edeka24.de/index.php?cl=details&anid=c284d997dada1ae73.23674648&emcs0=3&emcs1=Kategorieseite%20-%20Topseller&emcs2=&emcs3=129216003,https://www.edeka24.de/out/pictures/generated/product/1/540_540_90/thomy_remoulade_in_der_tube.jpg
1971,Lebensmittel,Soßen,Ketchup-Mayonnaise,Thomy Gourmet Remoulade in der Tube 200ML,"2,69 €","13,45 €/l","inkl. MwSt., zzgl. 4.95 € Versandkosten.",lieferbar innerhalb von 2-5 Werktagen,2023-05-03 00:46:18.753837,-,Hinweis zur Aufbewahrung: Nach Anbruch bitte kühl aufbewahren.,"Verantwortliches Lebensmittelunternehmen:
Nestlé Deutschland AG, 41415 Neuss","Zutatenverzeichnis: 57% Sonnenblumenöl, 16% Essiggurken, Branntweinessig, Trinkwasser, Zucker, 4,8% EIGELB*, Zwiebeln, SENFKÖRNER, Kapern, Jodsalz, Kräuter, Gewürze, Salz, Aromen, Säuerungsmittel Milchsäure. SPUREN: MILCH, SELLERIE *(von EIERN aus Bodenhaltung)",2269,542,57,"5,8","5,4","5,1","1,1","1,5",https://www.edeka24.de/index.php?cl=details&anid=t4kCfbAD6DzhKolGWBzBEd-1&emcs0=3&emcs1=Kategorieseite%20-%20Topseller&emcs2=&emcs3=138083009,https://www.edeka24.de/out/pictures/generated/product/1/540_540_90/thomy_gourmet_remoulade_in_der_tube.jpg
1972,Lebensmittel,Soßen,Ketchup-Mayonnaise,Thomy Delikatess Mayonaise in der Tube 200ML,"2,39 €","11,95 €/l","inkl. MwSt., zzgl. 4.95 € Versandkosten.",lieferbar innerhalb von 2-5 Werktagen,2023-05-03 00:46:22.304116,-,Hinweis zur Aufbewahrung: Nach Anbruch bitte kühl aufbewahren.,"Verantwortliches Lebensmittelunternehmen:
Nestlé Deutschland AG, 41415 Neuss","Zutatenverzeichnis: 82% Sonnenblumenöl, 8% EIGELB*, Branntweinessig, Jodsalz, SENFKÖRNER, Gewürze, Zucker, Aroma. *(von EIERN aus Bodenhaltung) SPUREN: MILCH, SELLERIE",721,3015,79,8,"0,1","0,1","1,2","0,8",https://www.edeka24.de/index.php?cl=details&anid=E11nawjz6DzhKolGWBzBEd-1&emcs0=3&emcs1=Kategorieseite%20-%20Topseller&emcs2=&emcs3=129227003,https://www.edeka24.de/out/pictures/generated/product/1/540_540_90/thomy_delikatess_mayonaise_in_der_tube(1).jpg
1973,Lebensmittel,Soßen,Ketchup-Mayonnaise,EDEKA Tomaten Ketchup 300ML,"1,99 €","6,63 €/l","inkl. MwSt., zzgl. 4.95 € Versandkosten.",lieferbar innerhalb von 2-5 Werktagen,2023-05-03 00:46:26.344838,-,,"Verantwortliches Lebensmittelunternehmen:
EDEKA ZENTRALE Stiftung & Co. KG, D-22291 Hamburg","Zutatenverzeichnis: 76% Tomatenmark einfach konzentriert, Zucker, Branntweinessig, Speisesalz, Zitronensaftkonzentrat, Gewürze.",378,89,"0,2","0,1","18,1","15,4","1,8","1,8",https://www.edeka24.de/index.php?cl=details&anid=3c72f63832a6dd97c57cb5e0638e0e73&emcs0=3&emcs1=Kategorieseite%20-%20Topseller&emcs2=&emcs3=3794967001,https://www.edeka24.de/out/pictures/generated/product/1/540_540_90/edeka_tomaten_ketchup_300ml.jpg
1974,Lebensmittel,Soßen,Ketchup-Mayonnaise,Hela Curry Gewürz Ketchup delikat 800ML,"3,49 €","4,36 €/l","inkl. MwSt., zzgl. 4.95 € Versandkosten.",lieferbar innerhalb von 2-5 Werktagen,2023-05-03 00:46:29.546705,-,Hinweis zur Aufbewahrung: Kühl und trocken lagern. Bitte nach dem Öffnen im Kühlschrank aufbewahren.,"Verantwortliches Lebensmittelunternehmen:
Hela Gewürzwerk Hermann Laue GmbH, Beimoorweg 11, D-22926 Ahrensburg","Zutatenverzeichnis: Tomatensaft, Zucker, Dextrose, Kochsalz, Curry (SENFMEHL, Pfeffer, Paprika, Chilis, Nelken, Gewürze), Branntweinessig, modifizierte Maisstärke, Säuerungsmittel: Citronensäure, Verdickungsmittel: (Guarkernmehl, Johannisbrotkernmehl), Kräuter (enthält SELLERIE), Säureregulator: Natriumlactat, Geschmacksverstärker: Mononatriumglutamat.",566,135,"0,3","0,1","30,6","29,2","0,8","2,2",https://www.edeka24.de/Lebensmittel/Sossen/Ketchup-Mayonnaise/Hela-Curry-Gewuerz-Ketchup-delikat-800ML.html,https://www.edeka24.de/out/pictures/generated/product/1/540_540_90/hela_curry_gewrz_ketchup_delikat_800_ml.jpg
1975,Lebensmittel,Soßen,Ketchup-Mayonnaise,Thomy Delikatess Mayonaise in der Tube 200ML,"2,39 €","11,95 €/l","inkl. MwSt., zzgl. 4.95 € Versandkosten.",lieferbar innerhalb von 2-5 Werktagen,2023-05-03 00:46:32.750666,-,Hinweis zur Aufbewahrung: Nach Anbruch bitte kühl aufbewahren.,"Verantwortliches Lebensmittelunternehmen:
Nestlé Deutschland AG, 41415 Neuss","Zutatenverzeichnis: 82% Sonnenblumenöl, 8% EIGELB*, Branntweinessig, Jodsalz, SENFKÖRNER, Gewürze, Zucker, Aroma. *(von EIERN aus Bodenhaltung) SPUREN: MILCH, SELLERIE",721,3015,79,8,"0,1","0,1","1,2","0,8",https://www.edeka24.de/Lebensmittel/Sossen/Ketchup-Mayonnaise/Thomy-Delikatess-Mayonaise-in-der-Tube-200ML.html,https://www.edeka24.de/out/pictures/generated/product/1/540_540_90/thomy_delikatess_mayonaise_in_der_tube(1).jpg
1976,Lebensmittel,Soßen,Ketchup-Mayonnaise,EDEKA Tomaten Ketchup 300ML,"1,99 €","6,63 €/l","inkl. MwSt., zzgl. 4.95 € Versandkosten.",lieferbar innerhalb von 2-5 Werktagen,2023-05-03 00:46:35.793226,-,,"Verantwortliches Lebensmittelunternehmen:
EDEKA ZENTRALE Stiftung & Co. KG, D-22291 Hamburg","Zutatenverzeichnis: 76% Tomatenmark einfach konzentriert, Zucker, Branntweinessig, Speisesalz, Zitronensaftkonzentrat, Gewürze.",378,89,"0,2","0,1","18,1","15,4","1,8","1,8",https://www.edeka24.de/Lebensmittel/Sossen/Ketchup-Mayonnaise/EDEKA-Tomaten-Ketchup-300ML.html,https://www.edeka24.de/out/pictures/generated/product/1/540_540_90/edeka_tomaten_ketchup_300ml.jpg
1977,Lebensmittel,Soßen,Ketchup-Mayonnaise,Develey Our Original Mayonnaise 500ML,"3,19 €","6,38 €/l","inkl. MwSt., zzgl. 4.95 € Versandkosten.",lieferbar innerhalb von 2-5 Werktagen,2023-05-03 00:46:39.392322,Mayonnaise,,"Verantwortliches Lebensmittelunternehmen:
Develey Senf & Feinkost GmbH, 82001 Unterhaching","Zutatenverzeichnis: 79% pflanzliche Öle (Sojaöl, Rapsöl), Branntweinessig, EIGELB, Zucker, Salz, Gewürze (mit SENF), Zitronensaftkonzentrat.",706,2903,"76,5","8,7","2,1","2,1",1,"0,8",https://www.edeka24.de/Lebensmittel/Sossen/Ketchup-Mayonnaise/Develey-Our-Original-Mayonnaise-500ML.html,https://www.edeka24.de/out/pictures/generated/product/1/540_540_90/develey_our_original_mayonnaise_500ml.jpg
1978,Lebensmittel,Soßen,Ketchup-Mayonnaise,Alnatura Bio Tomaten Ketchup 500ML,"2,69 €","5,38 €/l","inkl. MwSt., zzgl. 4.95 € Versandkosten.",lieferbar innerhalb von 2-5 Werktagen,2023-05-03 00:46:43.276265,-,Hinweis zur Aufbewahrung: Bitte vor dem Öffnen schütteln und anschließend im Kühlschrank aufbewahren.,"Verantwortliches Lebensmittelunternehmen:
Alnatura GmbH, Mahatma-Gandhi-Straße 7, 64295 Darmstadt","Zutatenverzeichnis: Tomatenmark* einfach konzentriert 76%, Rohrohrzucker*, Branntweinessig*, Speisesalz, Gewürze* *aus biologischer Landwirtschaft .",412,97,"0,5","0,1",20,20,2,"2,2",https://www.edeka24.de/Lebensmittel/Sossen/Ketchup-Mayonnaise/Alnatura-Bio-Tomaten-Ketchup-500ML.html,https://www.edeka24.de/out/pictures/generated/product/1/540_540_90/alnatura_bio_tomaten_ketchup.jpg
1979,Lebensmittel,Soßen,Ketchup-Mayonnaise,Thomy Gourmet Remoulade in der Tube 200ML,"2,69 €","13,45 €/l","inkl. MwSt., zzgl. 4.95 € Versandkosten.",lieferbar innerhalb von 2-5 Werktagen,2023-05-03 00:46:46.669610,-,Hinweis zur Aufbewahrung: Nach Anbruch bitte kühl aufbewahren.,"Verantwortliches Lebensmittelunternehmen:
Nestlé Deutschland AG, 41415 Neuss","Zutatenverzeichnis: 57% Sonnenblumenöl, 16% Essiggurken, Branntweinessig, Trinkwasser, Zucker, 4,8% EIGELB*, Zwiebeln, SENFKÖRNER, Kapern, Jodsalz, Kräuter, Gewürze, Salz, Aromen, Säuerungsmittel Milchsäure. SPUREN: MILCH, SELLERIE *(von EIERN aus Bodenhaltung)",2269,542,57,"5,8","5,4","5,1","1,1","1,5",https://www.edeka24.de/Lebensmittel/Sossen/Ketchup-Mayonnaise/Thomy-Gourmet-Remoulade-in-der-Tube-200ML.html,https://www.edeka24.de/out/pictures/generated/product/1/540_540_90/thomy_gourmet_remoulade_in_der_tube.jpg
1980,Lebensmittel,Soßen,Ketchup-Mayonnaise,Thomy Remoulade in der Tube 200 ml,"2,39 €","11,95 €/l","inkl. MwSt., zzgl. 4.95 € Versandkosten.",lieferbar innerhalb von 2-5 Werktagen,2023-05-03 00:46:49.649188,-,Hinweis zur Aufbewahrung: Nach Anbruch bitte kühl aufbewahren.,"Verantwortliches Lebensmittelunternehmen:
Nestlé Deutschland AG, 41415 Neuss","Zutatenverzeichnis: 80% Sonnenblumenöl, Branntweinessig, 6,8% EIGELB*, Zucker, Jodsalz, SENFKÖRNER, Kräuter (Petersilie, Kerbel), Gewürze, Aromen (mit SENF, SELLERIE). *(von EIERN aus Bodenhaltung) SPUREN: MILCH",722,2969,79,"9,2","1,8","1,1","1,1","1,1",https://www.edeka24.de/Lebensmittel/Sossen/Ketchup-Mayonnaise/Thomy-Remoulade-in-der-Tube-200-ml.html,https://www.edeka24.de/out/pictures/generated/product/1/540_540_90/thomy_remoulade_in_der_tube.jpg
1981,Lebensmittel,Soßen,Ketchup-Mayonnaise,Hela Curry Gewürzketchup Delikat 300ML,"2,49 €","8,30 €/l","inkl. MwSt., zzgl. 4.95 € Versandkosten.",lieferbar innerhalb von 2-5 Werktagen,2023-05-03 00:46:53.216683,-,"Hinweis zur Aufbewahrung: Nach erster Öffnung bitte im Kühlschrank lagern, vor direktem Sonnenlicht schützen.","Verantwortliches Lebensmittelunternehmen:
Hela Gewürzwerk Hermann Laue GmbH, Beimoorweg 11, 22926 Ahrensburg","Zutatenverzeichnis: Tomatensaft, Zucker, Dextrose, Kochsalz, Curry (SENFMEHL, Pfeffer, Paprika, Chilis, Nelken, Gewürze), Branntweinessig, modifizierte Maisstärke, Säuerungsmittel: Citronensäure, Verdickungsmittel: (Guarkernmehl, Johannisbrotkernmehl), Kräuter (enthält SELLERIE), Säureregulator: Natriumlactat, Geschmacksverstärker: Mononatriumglutamat",135,566,"0,3","0,1","30,6","29,2","0,8","2,2",https://www.edeka24.de/Lebensmittel/Sossen/Ketchup-Mayonnaise/Hela-Curry-Gewuerzketchup-Delikat-300ML.html,https://www.edeka24.de/out/pictures/generated/product/1/540_540_90/hela_curry_gewamp252rzketchup_delikat_300ml.jpg
1982,Lebensmittel,Soßen,Ketchup-Mayonnaise,Papa Joe's Tomaten Ketchup 500ML,"2,49 €","4,98 €/l","inkl. MwSt., zzgl. 4.95 € Versandkosten.",lieferbar innerhalb von 2-5 Werktagen,2023-05-03 00:46:57.474819,-,Hinweis zur Aufbewahrung: Vor Wärme geschützt und trocken lagern.,"Verantwortliches Lebensmittelunternehmen:
EUCO GmbH, D-22291 Hamburg","Zutatenverzeichnis: 54% Tomatenmark einfach konzentriert, Zucker, Branntweinessig, Wasser, Speisesalz, Gewürze, Gewürzextrakt (enthält SELLERIE).",118,502,"0,2","0,1","25,5","23,4","1,5","1,9",https://www.edeka24.de/Lebensmittel/Sossen/Ketchup-Mayonnaise/Papa-Joe-s-Tomaten-Ketchup-500ML.html,https://www.edeka24.de/out/pictures/generated/product/1/540_540_90/papa_joe039s_tomaten_ketchup_500ml.jpg
1983,Lebensmittel,Soßen,Ketchup-Mayonnaise,Miracel Whip Classic 23% Fett klein 250ML,"2,19 €","8,76 €/l","inkl. MwSt., zzgl. 4.95 € Versandkosten.",lieferbar innerhalb von 2-5 Werktagen,2023-05-03 00:47:00.956747,Salatcreme 23% Fettgehalt.,Hinweis zur Aufbewahrung: Nach dem Öffnen gekühlt aufbewahren.,"Verantwortliches Lebensmittelunternehmen:
Mondelez Deutschland, D-28078 Bremen","Zutatenverzeichnis: Wasser, SOJAÖL, Essig aus Agraralkohol, Zucker, modifizierte Stärke, Speisesalz, Obstessig, EIGELB, Gewürze (enthalten SENF ), Verdickungsmittel (Johannisbrotkernmehl, Guarkernmehl), Aroma, Farbstoff (Beta-Carotin).Mit Stickstoff aufgeschlagen.",1050,255,"22,5",3,12,"8,3","0,3","1,71",https://www.edeka24.de/Lebensmittel/Sossen/Ketchup-Mayonnaise/Miracel-Whip-Classic-23-Fett-klein-250ML.html,https://www.edeka24.de/out/pictures/generated/product/1/540_540_90/miracelwipp.jpg
1984,Lebensmittel,Soßen,Ketchup-Mayonnaise,Heinz Tomato Ketchup 500ML,"3,29 €","6,58 €/l","inkl. MwSt., zzgl. 4.95 € Versandkosten.",lieferbar innerhalb von 2-5 Werktagen,2023-05-03 00:47:04.250619,-,Hinweis zur Aufbewahrung: Nach dem Öffnen gekühlt aufbewahren.,"Verantwortliches Lebensmittelunternehmen:
H.J. Heinz GmbH, Erkrather Str. 228b, D-40233 Düsseldorf","Zutatenverzeichnis: Tomaten (148 g pro 100 g Tomaten Ketchup), Branntweinessig*, Zucker, Salz, Gewürz- und Kräuterextrakte (enthält SELLERIE), Gewürz. *Österreich: Weingeistessig",102,435,"0,1","0,1","23,2","22,8","1,2","1,8",https://www.edeka24.de/Lebensmittel/Sossen/Ketchup-Mayonnaise/Heinz-Tomato-Ketchup-500ML.html,https://www.edeka24.de/out/pictures/generated/product/1/540_540_90/heinz_tomato_ketchup_500ml.jpg
1985,Lebensmittel,Soßen,Ketchup-Mayonnaise,Thomy Delikatess Mayonnaise im Glas 250ML,"2,29 €","9,16 €/l","inkl. MwSt., zzgl. 4.95 € Versandkosten.",lieferbar innerhalb von 2-5 Werktagen,2023-05-03 00:47:07.460601,-,Hinweis zur Aufbewahrung: Nach Anbruch bitte kühl aufbewahren.,"Verantwortliches Lebensmittelunternehmen:
Nestlé Deutschland AG, 41415 Neuss","Zutatenverzeichnis: 80% Sonnenblumenöl, Branntweinessig, 6,2% EIGELB*, SENFKÖRNER, Zucker, Jodsalz, Gewürze, natürliches Aroma (mit SELLERIE, SENF). *von EIERN aus Bodenhaltung SPUREN: MILCH",2961,708,"77,5","8,1","1,2","1,2","1,1","0,8",https://www.edeka24.de/Lebensmittel/Sossen/Ketchup-Mayonnaise/Thomy-Delikatess-Mayonnaise-im-Glas-250ML.html,https://www.edeka24.de/out/pictures/generated/product/1/540_540_90/thomy_delikatess_mayonnaise_im_glas.jpg
1986,Lebensmittel,Soßen,Ketchup-Mayonnaise,Heinz Tomato Ketchup 220ML,"2,49 €","11,32 €/l","inkl. MwSt., zzgl. 4.95 € Versandkosten.",lieferbar innerhalb von 2-5 Werktagen,2023-05-03 00:47:11.170869,-,Hinweis zur Aufbewahrung: Nach dem Öffnen gekühlt aufbewahren. Vor dem Gebrauch Deckel öffnen und Folie entfernen. Vor Gebrauch gut schütteln.,"Verantwortliches Lebensmittelunternehmen:
H. J. Heinz GmbH, Erkrather Str. 228b, 40233 Düsseldorf","Zutatenverzeichnis: Tomaten (148 g pro 100 g Tomaten Ketchup), Essig*, Zucker, Salz, Gewürz- und Kräuterextrakte (enthält SELLERIE), Gewürz. *Österreich: Weingeistessig",435,102,"0,1","0,1","23,2","22,8","1,2","1,8",https://www.edeka24.de/Lebensmittel/Sossen/Ketchup-Mayonnaise/Heinz-Tomato-Ketchup-220ML.html,https://www.edeka24.de/out/pictures/generated/product/1/540_540_90/heinz_tomato_ketchup_220ml(1).jpg
1987,Lebensmittel,Soßen,Ketchup-Mayonnaise,Heinz Tomato Ketchup 800ML,"4,79 €","5,99 €/l","inkl. MwSt., zzgl. 4.95 € Versandkosten.",lieferbar innerhalb von 2-5 Werktagen,2023-05-03 00:47:15.561804,-,Hinweis zur Aufbewahrung: Nach dem Öffnen gekühlt aufbewahren. Vor dem Gebrauch Deckel öffnen und Folie entfernen. Vor Gebrauch gut schütteln.,"Verantwortliches Lebensmittelunternehmen:
H. J. Heinz GmbH, Postfach 14 05 55, 40075 Düsseldorf, Deutschland","Zutatenverzeichnis: Tomaten (148 g pro 100 g Tomaten Ketchup), Essig*, Zucker, Salz, Gewürz- und Kräuterextrakte (enthält SELLERIE), Gewürz. *Österreich: Weingeistessig",102,435,"0,1","0,1","23,2","22,8","1,2","1,8",https://www.edeka24.de/Lebensmittel/Sossen/Ketchup-Mayonnaise/Heinz-Tomato-Ketchup-800ML.html,https://www.edeka24.de/out/pictures/generated/product/1/540_540_90/heinz_tomato_ketchup_800ml.jpg
1988,Lebensmittel,Soßen,Ketchup-Mayonnaise,Miracel Whip Classic 23% Fett 500ML,"2,69 €","5,38 €/l","inkl. MwSt., zzgl. 4.95 € Versandkosten.",lieferbar innerhalb von 2-5 Werktagen,2023-05-03 00:47:18.918461,Salatcreme 23% Fettgehalt.,Hinweis zur Aufbewahrung: Nach dem Öffnen gekühlt aufbewahren.,"Verantwortliches Lebensmittelunternehmen:
Mondelez Deutschland, D-28078 Bremen","Zutatenverzeichnis: Wasser, Sojaöl, Essig aus Agraralkohol, Zucker, modifizierte Stärke, Speisesalz, Obstessig, EIGELB, Gewürze (enthalten SENF), Verdickungsmittel (Johannisbrotkernmehl, Guarkernmehl), Aroma, Farbstoff (Beta-Carotin). Mit Stickstoff aufgeschlagen.",255,1050,"22,5",3,12,"8,3","0,3","1,71",https://www.edeka24.de/Lebensmittel/Sossen/Ketchup-Mayonnaise/Miracel-Whip-Classic-23-Fett-500ML.html,https://www.edeka24.de/out/pictures/generated/product/1/540_540_90/miracel-whip-original.jpg
1989,Lebensmittel,Soßen,Ketchup-Mayonnaise,Alnatura Bio Delikatess Mayonnaise 250ML,"2,39 €","9,56 €/l","inkl. MwSt., zzgl. 4.95 € Versandkosten.",lieferbar innerhalb von 2-5 Werktagen,2023-05-03 00:47:22.282596,-,Hinweis zur Aufbewahrung: Nach dem Öffnen bitte im Kühlschrank aufbewahren.,"Verantwortliches Lebensmittelunternehmen:
Alnatura GmbH, Darmstädter Str. 63, 64404 Bickenbach","Zutatenverzeichnis: Sonnenblumenöl* desodoriert 78%, EIGELB* 6,3%, Wasser, SENF* (Wasser, SENFSAMEN*, Branntweinessig*, Meersalz, Rohrohrzucker*, Paprika*, Kurkuma*, Koriander*, Pfeffer schwarz*), Branntweinessig*, Meersalz, Rohrohrzucker* *aus biologischer Landwirtschaft .",2929,712,78,"8,5","1,2","1,1","1,3","0,89",https://www.edeka24.de/Lebensmittel/Sossen/Ketchup-Mayonnaise/Alnatura-Bio-Delikatess-Mayonnaise-250ML.html,https://www.edeka24.de/out/pictures/generated/product/1/540_540_90/alnatura_bio_delikatess_mayonnaise_mit_ei.jpg
1990,Lebensmittel,Soßen,Ketchup-Mayonnaise,Thomy Delikatess Mayonnaise klein 100ML,"1,69 €","16,90 €/l","inkl. MwSt., zzgl. 4.95 € Versandkosten.",lieferbar innerhalb von 2-5 Werktagen,2023-05-03 00:47:25.735203,Viel Eigelb und unser gutes Sonnenblumenöl machen die THOMY Delikatess-Mayonnaise zu einem Premiumprodukt. Die praktische Tube mit Garnierstern ist ideal zum Dekorieren und Garnieren von Pommes und Sandwiches. Unser Original - Ohne den Zusatzstoff Konservierungsstoff.,Hinweis zur Aufbewahrung: Nach Anbruch bitte kühl aufbewahren.,"Verantwortliches Lebensmittelunternehmen:
Nestlé Deutschland AG, 41415 Neuss","Zutatenverzeichnis: 82% Sonnenblumenöl, 8% EIGELB*, Branntweinessig, Jodsalz, SENFKÖRNER, Gewürze, Zucker, Aroma. *(von EIERN aus Bodenhaltung) SPUREN: MILCH, SELLERIE",3015,721,79,8,"0,1","0,1","1,2","0,8",https://www.edeka24.de/Lebensmittel/Sossen/Ketchup-Mayonnaise/Thomy-Delikatess-Mayonnaise-klein-100ML.html,https://www.edeka24.de/out/pictures/generated/product/1/540_540_90/thomy_delikatess_mayonnaise_100_ml_in_der_tube.jpg
1991,Lebensmittel,Soßen,Ketchup-Mayonnaise,Bio Byodo Tomaten Ketchup 500ML,"2,50 €","5,00 €/l","inkl. MwSt., zzgl. 4.95 € Versandkosten.",lieferbar innerhalb von 2-5 Werktagen,2023-05-03 00:47:29.583135,-,,"Verantwortliches Lebensmittelunternehmen:
Byodo Naturkost GmbH, D-84453 Mühldorf","Zutatenverzeichnis: Zutaten: Tomatenmark* (75% einfach konzentriert), Rohrohrzucker *, Branntweinessig*, Steinsalz, Gewürze*. * = Zutaten aus ökol. Landbau",469,111,"0,5","0,1",25,20,"1,5","3,2",https://www.edeka24.de/Lebensmittel/Sossen/Ketchup-Mayonnaise/Bio-Byodo-Tomaten-Ketchup-500ML.html,https://www.edeka24.de/out/pictures/generated/product/1/540_540_90/bio_byodo_tomaten_ketchup_500ml.jpg
1992,Lebensmittel,Soßen,Ketchup-Mayonnaise,Hela Curry Gewürz Ketchup scharf 300ML,"2,49 €","8,30 €/l","inkl. MwSt., zzgl. 4.95 € Versandkosten.",lieferbar innerhalb von 2-5 Werktagen,2023-05-03 00:47:33.285875,-,"Hinweis zur Aufbewahrung: Nach erster Öffnung bitte im Kühlschrank lagern, vor direktem Sonnenlicht schützen.","Verantwortliches Lebensmittelunternehmen:
Hela Gewürzwerk Hermann Laue GmbH, Beimoorweg 11, 22926 Ahrensburg","Zutatenverzeichnis: Tomatensaft, Zucker, Dextrose, Kochsalz, Curry (SENFMEHL, Pfeffer, Paprika, Chilis, Nelken, Gewürze), Branntweinessig, modifizierte Maisstärke, Säuerungsmittel: Citronensäure, Verdickungsmittel: (Guarkernmehl, Johannisbrotkernmehl), Kräuter (enthält SELLERIE), Säureregulator: Natriumlactat, Geschmacksverstärker: Mononatriumglutamat",573,137,"0,3","0,1","30,8","29,4","0,8","2,2",https://www.edeka24.de/Lebensmittel/Sossen/Ketchup-Mayonnaise/Hela-Curry-Gewuerz-Ketchup-scharf-300ML.html,https://www.edeka24.de/out/pictures/generated/product/1/540_540_90/hela_curry_gewamp252rz_ketchup_scharf_300ml.jpg
1993,Lebensmittel,Soßen,Ketchup-Mayonnaise,Heinz Tomato Ketchup 50% weniger Zucker & Salz 500ML,"3,29 €","6,58 €/l","inkl. MwSt., zzgl. 4.95 € Versandkosten.",lieferbar innerhalb von 2-5 Werktagen,2023-05-03 00:47:36.594492,Tomaten Ketchup mit Zucker und Süßungsmittel,Hinweis zur Aufbewahrung: Nach dem Öffnen gekühlt aufbewahren. Vor dem Gebrauch Deckel öffnen und Folie entfernen. Vor Gebrauch gut schütteln.,"Verantwortliches Lebensmittelunternehmen:
H. J. Heinz GmbH, Erkrather Str. 228b, 40233 Düsseldorf","Zutatenverzeichnis: Tomaten (174 g pro 100 g Tomato Ketchup), Branntweinessig*, Zucker, Salz, Gewürz- und Kräuterextrakte (enthalten SELLERIE), Süßungsmittel (Steviolglycoside), Gewürz. *Österreich: Weingeistessig",271,64,"0,1",0,12,11,"1,4","0,9",https://www.edeka24.de/Lebensmittel/Sossen/Ketchup-Mayonnaise/Heinz-Tomato-Ketchup-50-weniger-Zucker-Salz-500ML.html,https://www.edeka24.de/out/pictures/generated/product/1/540_540_90/heinztomket50.jpg
1994,Lebensmittel,Soßen,Ketchup-Mayonnaise,Alnatura Bio Curry Gewürz Ketchup 500ML,"2,69 €","5,38 €/l","inkl. MwSt., zzgl. 4.95 € Versandkosten.",lieferbar innerhalb von 2-5 Werktagen,2023-05-03 00:47:39.765109,-,Hinweis zur Aufbewahrung: Bitte vor dem Öffnen schütteln und anschließend gekühlt aufbewahren.,"Verantwortliches Lebensmittelunternehmen:
Alnatura Produktions- und Handels GmbH, Mahatma-Gandhi-Str. 7, 64295 Darmstadt","Zutatenverzeichnis: Wasser, Tomatenmark einfach konzentriert* 26%, Rohrohrzucker*, Branntweinessig*, Maisstärke*, Speisesalz, CURRY* (ENTHÄLT SENF*, SELLERIE*), Gewürze*, Karamellzuckersirup*, Verdickungsmittel: Guarkernmehl* *aus biologischer Landwirtschaft",487,115,"0,6","0,2",25,22,"0,9","2,2",https://www.edeka24.de/Lebensmittel/Sossen/Ketchup-Mayonnaise/Alnatura-Bio-Curry-Gewuerz-Ketchup-500ML.html,https://www.edeka24.de/out/pictures/generated/product/1/540_540_90/alnatura_bio_curry_gewrz_ketchup_500_ml.jpg
1995,Lebensmittel,Soßen,Ketchup-Mayonnaise,Heinz Bio Tomato Ketchup 400ML,"3,29 €","8,23 €/l","inkl. MwSt., zzgl. 4.95 € Versandkosten.",lieferbar innerhalb von 2-5 Werktagen,2023-05-03 00:47:43.731684,-,Hinweis zur Aufbewahrung: Nach dem Öffnen gekühlt aufbewahren. Vor dem Gebrauch Deckel öffnen und Folie entfernen. Vor Gebrauch gut schütteln.,"Verantwortliches Lebensmittelunternehmen:
H. J. Heinz GmbH, Erkrather Str. 228b, 40233 Düsseldorf","Zutatenverzeichnis: Tomaten* (180 g pro 100 g Ketchup), Zucker*, Branntweinessig* **, Salz, Gewürze* (enthält SELLERIE), Zwiebelpulver*, Knoblauchpulver*. *Zutaten aus ökologischem Landbau. **Östereich: Weingeistessig",476,112,"0,1","0,1","25,3","24,8","1,4","1,7",https://www.edeka24.de/Lebensmittel/Sossen/Ketchup-Mayonnaise/Heinz-Bio-Tomato-Ketchup-400ML.html,https://www.edeka24.de/out/pictures/generated/product/1/540_540_90/heinz_bio_tomato_ketchup_400ml.jpg
1996,Lebensmittel,Soßen,Ketchup-Mayonnaise,Heinz Mayo Vegan 220ML,"3,19 €","14,50 €/l","inkl. MwSt., zzgl. 4.95 € Versandkosten.",lieferbar innerhalb von 2-5 Werktagen,2023-05-03 00:47:47.456442,Vegane Salatmayonnaise ohne Ei,Hinweis zur Aufbewahrung: Nach dem Öffnen gekühlt aufbewahren.,"Verantwortliches Lebensmittelunternehmen:
H.J. Heinz GmbH, Postfach 140555, 40075 Düsseldorf","Zutatenverzeichnis: Sonnenblumenöl 75%, Wasser, Branntweinessig, Zucker, Salz, modifizierte Stärke, natürliches Aroma, Antioxidationsmittel (Calcium-Dinatrium-EDTA).",2822,686,75,9,"2,5","1,5",0,1,https://www.edeka24.de/Lebensmittel/Sossen/Ketchup-Mayonnaise/Heinz-Mayo-Vegan-220ML.html,https://www.edeka24.de/out/pictures/generated/product/1/540_540_90/heinz_mayo_vegan_220ml.jpg
1997,Lebensmittel,Soßen,Ketchup-Mayonnaise,Hellmann's Mayo Vegan 270G,"2,99 €","11,07 €/kg","inkl. MwSt., zzgl. 4.95 € Versandkosten.",lieferbar innerhalb von 2-5 Werktagen,2023-05-03 00:47:50.756156,Vegane Salatcreme auf Rapsöl-Basis,Hinweis zur Aufbewahrung: Nach dem Öffnen im Kühlschrank aufbewahren.,"Verantwortliches Lebensmittelunternehmen:
Unilever Deutschland, Postfach 570237, 22771 Hamburg","Zutatenverzeichnis: 72% Rapsöl, Trinkwasser, Branntweinessig / Weingeistessig, Zucker, Speisesalz, modifizierte Stärke, Zitronensaftkonzentrat, natürliche Aromen (mit SENF), Antioxidationsmittel (Calcium-Dinatrium-EDTA), Farbstoff (Paprikaextrakt).",2563,612,67,5,"3,7","2,5","0,5","1,4",https://www.edeka24.de/Lebensmittel/Sossen/Ketchup-Mayonnaise/Hellmann-s-Mayo-Vegan-270G.html,https://www.edeka24.de/out/pictures/generated/product/1/540_540_90/hellmannmayo.jpg
1998,Lebensmittel,Soßen,Ketchup-Mayonnaise,Thomy Die Natürlich Leichte 250ML,"2,19 €","8,76 €/l","inkl. MwSt., zzgl. 4.95 € Versandkosten.",lieferbar innerhalb von 2-5 Werktagen,2023-05-03 00:47:53.808198,Salatcreme,Hinweis zur Aufbewahrung: Nach Anbruch bitte kühl aufbewahren.,"Verantwortliches Lebensmittelunternehmen:
Nestlé Deutschland AG, Industriestraße 42-44, 41460 Neuss","Zutatenverzeichnis: Wasser, 23% Sonnenblumenöl, Branntweinessig, Zucker, Stärke, 1,2% EIGELBPULVER, Meersalz, Kurkuma, Knoblauchpulver, Zwiebelpulver, MOLKENEIWEISS. Kann enthalten: SELLERIE.",1128,273,"24,5","2,6",12,"7,4","0,6","0,94",https://www.edeka24.de/Lebensmittel/Sossen/Ketchup-Mayonnaise/Thomy-Die-Natuerlich-Leichte-250ML.html,https://www.edeka24.de/out/pictures/generated/product/1/540_540_90/thomy_die_natamp252rlich_leichte_250ml.jpg
1999,Lebensmittel,Soßen,Ketchup-Mayonnaise,Hela Gewürz Ketchup Tomate mild 800ML,"3,49 €","4,36 €/l","inkl. MwSt., zzgl. 4.95 € Versandkosten.",lieferbar innerhalb von 2-5 Werktagen,2023-05-03 00:47:57.424093,Hela Gewürz Ketchup Tomate,Hinweis zur Aufbewahrung: Nach erster Öffnung bitte im Kühlschrank lagern!,"Verantwortliches Lebensmittelunternehmen:
Hela Gewürzwerk Hermann Laue GmbH, 22923 Ahrensburg","Zutatenverzeichnis: Tomatenzubereitung 68% (Trinkwasser, Tomatennektar, Branntweinessig), Zucker, Dextrose, Kochsalz, Verdickungsmittel (Guarkernmehl, Johannisbrotkernmehl), Apfelsaftkonzentrat, Säureregulator (Natriumlactat), modifizierte Stärke, Säuerungsmittel (Citronensäure), Gewürze, natürliches Aroma.",533,126,"0,1","0,02",29,"27,7","0,5",2,https://www.edeka24.de/Lebensmittel/Sossen/Ketchup-Mayonnaise/Hela-Gewuerz-Ketchup-Tomate-mild-800ML.html,https://www.edeka24.de/out/pictures/generated/product/1/540_540_90/hela_gewamp252rz_ketchup_tomate_mild_800ml.jpg
2000,Lebensmittel,Soßen,Ketchup-Mayonnaise,Hela Curry Gewürz-Ketchup scharf 800ML,"3,49 €","4,36 €/l","inkl. MwSt., zzgl. 4.95 € Versandkosten.",lieferbar innerhalb von 2-5 Werktagen,2023-05-03 00:48:02.294391,-,"Hinweis zur Aufbewahrung: Nach erster Öffnung bitte im Kühlschrank lagern, vor direktem Sonnenlicht schützen Normverbrauch: Nach Geschmack.","Verantwortliches Lebensmittelunternehmen:
Hela Gewürzwerk Hermann Laue, Beimoorweg 11, 22926 Ahrensburg","Zutatenverzeichnis: Tomatensaft, Zucker, Dextrose, Kochsalz, Curry (SENFMEHL, Pfeffer, Paprika, Chilis, Nelken, Gewürze), Branntweinessig, modifizierte Maisstärke, Säuerungsmittel: Citronensäure, Verdickungsmittel: (Guarkernmehl, Johannisbrotkernmehl), Kräuter (enthält SELLERIE), Säureregulator: Natriumlactat, Geschmacksverstärker: Mononatriumglutamat",577,136,"0,3","0,1","31,6","29,4","0,6","2,5",https://www.edeka24.de/Lebensmittel/Sossen/Ketchup-Mayonnaise/Hela-Curry-Gewuerz-Ketchup-scharf-800ML.html,https://www.edeka24.de/out/pictures/generated/product/1/540_540_90/helacurryket.jpg
2001,Lebensmittel,Soßen,Ketchup-Mayonnaise,Heinz Mayo Vegan Aioli 220ML,"2,29 €","10,41 €/l","inkl. MwSt., zzgl. 4.95 € Versandkosten.",lieferbar innerhalb von 2-5 Werktagen,2023-05-03 00:48:05.820396,Vegane Knoblauch Salatmayonnaise ohne Ei,Hinweis zur Aufbewahrung: Nach Anbruch gekühlt lagern.,"Verantwortliches Lebensmittelunternehmen:
H.J. Heinz GmbH, Postfach 140555, 40075 Düsseldorf","Zutatenverzeichnis: Sonnenblumenöl 68%, Wasser, Knoblauch 3%, Branntweinessig, Zucker, Salz, modifizierte Stärke, natürliche Aromen, Stärke, Gewürze, Antioxidationsmittel (Calcium-Dinatrium-EDTA).",2606,636,68,"8,4",4,"1,6","0,2",1,https://www.edeka24.de/Lebensmittel/Sossen/Ketchup-Mayonnaise/Heinz-Mayo-Vegan-Aioli-220ML.html,https://www.edeka24.de/out/pictures/generated/product/1/540_540_90/heinz_mayo_vegan_aioli_220ml.jpg
2002,Lebensmittel,Soßen,Ketchup-Mayonnaise,Miracel Whip Balance 10% Fett 500ML,"2,69 €","5,38 €/l","inkl. MwSt., zzgl. 4.95 € Versandkosten.",lieferbar innerhalb von 2-5 Werktagen,2023-05-03 00:48:09.269835,Salatcreme 10% Fettgehalt.,Hinweis zur Aufbewahrung: Nach dem Öffnen gekühlt aufbewahren.,"Verantwortliches Lebensmittelunternehmen:
Mondelez Deutschland, D-28078 Bremen","Zutatenverzeichnis: Wasser, Sojaöl, Essig aus Agraralkohol, modifizierte Stärke, Zucker, MOLKENERZEUGNIS, Obstessig, Speisesalz, EIGELB (0.5%), Gewürze (enthalten SENF), Verdickungsmittel (Xanthan), Aroma, Süßungsmittel (Aspartam, Acesulfam K), Farbstoff (Beta-Carotin). Enthält eine Phenylalaninquelle.",584,140,"10,5","1,6","10,5","5,6","0,4","2,29",https://www.edeka24.de/Lebensmittel/Sossen/Ketchup-Mayonnaise/Miracel-Whip-Balance-10-Fett-500ML.html,https://www.edeka24.de/out/pictures/generated/product/1/540_540_90/miracel-whip-balance.jpg
2003,Lebensmittel,Soßen,Ketchup-Mayonnaise,Hela Original Tomaten Ketchup 300ML,"2,89 €","9,63 €/l","inkl. MwSt., zzgl. 4.95 € Versandkosten.",lieferbar innerhalb von 2-5 Werktagen,2023-05-03 00:48:12.794747,Tomaten Ketchup,Hinweis zur Aufbewahrung: Nach erster Öffnung bitte im Kühlschrank lagern und kurzfristig verzehren.,"Verantwortliches Lebensmittelunternehmen:
Hela Gewürzwerk Hermann Laue GmbH, 22923 Ahrensburg","Zutatenverzeichnis: Tomatenmark 70%, Zucker, Branntweinessig, Maisstärke, Kochsalz, Zitronensaftkonzentrat, Gewürze, Kräuter.",437,103,"0,4","0,1","21,7","16,5","1,7","1,4",https://www.edeka24.de/Lebensmittel/Sossen/Ketchup-Mayonnaise/Hela-Original-Tomaten-Ketchup-300ML.html,https://www.edeka24.de/out/pictures/generated/product/1/540_540_90/hela_original_tomaten_ketchup_300ml.jpg
2004,Lebensmittel,Soßen,Ketchup-Mayonnaise,Hela Original Tomaten Ketchup ohne Zuckerzusatz 300ML,"2,89 €","9,63 €/l","inkl. MwSt., zzgl. 4.95 € Versandkosten.",lieferbar innerhalb von 2-5 Werktagen,2023-05-03 00:48:16.844378,Tomatenketchup ohne Zuckerzusatz mit Süßungsmitteln,Hinweis zur Aufbewahrung: Nach erster Öffnung bitte im Kühlschrank lagern und kurzfristig verzehren.,"Verantwortliches Lebensmittelunternehmen:
Hela Gewürzwerk Hermann Laue GmbH, 22923 Ahrensburg","Zutatenverzeichnis: Tomatenmark 82%, Branntweinessig, Maisstärke, Kochsalz, Zitronensaftkonzentrat, Gewürze, Kräuter, Süßungsmittel (Sucralose).",262,62,"0,4","0,1","10,9","5,3",2,"1,4",https://www.edeka24.de/Lebensmittel/Sossen/Ketchup-Mayonnaise/Hela-Original-Tomaten-Ketchup-ohne-Zuckerzusatz-300ML.html,https://www.edeka24.de/out/pictures/generated/product/1/540_540_90/hela_original_tomaten_ketchup_ohne_zuckerzusatz_300ml.jpg
2005,Lebensmittel,Soßen,Ketchup-Mayonnaise,Heinz Curry Ketchup 500ML,"3,29 €","6,58 €/l","inkl. MwSt., zzgl. 4.95 € Versandkosten.",lieferbar innerhalb von 2-5 Werktagen,2023-05-03 00:48:20.269890,-,Hinweis zur Aufbewahrung: Nach dem Öffnen gekühlt aufbewahren. Vor dem Gebrauch Deckel öffnen und Folie entfernen. Vor Gebrauch gut schütteln.,"Verantwortliches Lebensmittelunternehmen:
H. J. Heinz GmbH, Erkrather Str. 228b, 40233 Düsseldorf","Zutatenverzeichnis: Tomaten (148 g pro 100 g Tomaten Ketchup), Branntweinessig*, Zucker, Salz, Gewürze, Aroma (enthält SELLERIE). *Österreich: Weingeistessig",455,108,"0,2","0,1","23,6","22,7","1,2","3,6",https://www.edeka24.de/Lebensmittel/Sossen/Ketchup-Mayonnaise/Heinz-Curry-Ketchup-500ML.html,https://www.edeka24.de/out/pictures/generated/product/1/540_540_90/heinzcurryket.jpg
2006,Lebensmittel,Soßen,Ketchup-Mayonnaise,Heinz Tomato Ketchup 50% weniger Zucker & Salz 220ML,"2,49 €","11,32 €/l","inkl. MwSt., zzgl. 4.95 € Versandkosten.",lieferbar innerhalb von 2-5 Werktagen,2023-05-03 00:48:23.883043,Tomaten Ketchup mit Zucker und Süßungsmittel,Hinweis zur Aufbewahrung: Nach dem Öffnen gekühlt aufbewahren.,"Verantwortliches Lebensmittelunternehmen:
H. J. Heinz GmbH, Erkrather Str. 228b, 40233 Düsseldorf","Zutatenverzeichnis: Tomaten (174 g pro 100 g Tomato Ketchup), Branntweinessig*, Zucker, Salz, Gewürz- und Kräuterextrakte (enthalten SELLERIE), Süßungsmittel (Steviolglycoside), Gewürz. *Österreich: Weingeistessig",64,271,"0,1",0,12,11,"1,4","0,9",https://www.edeka24.de/Lebensmittel/Sossen/Ketchup-Mayonnaise/Heinz-Tomato-Ketchup-50-weniger-Zucker-Salz-220ML.html,https://www.edeka24.de/out/pictures/generated/product/1/540_540_90/heinz_tomato_ketchup_50_weniger_zucker_amp_salz_220ml.jpg
2007,Lebensmittel,Soßen,Ketchup-Mayonnaise,Heinz Tomato Ketchup 300ML,"2,29 €","7,63 €/l","inkl. MwSt., zzgl. 4.95 € Versandkosten.",lieferbar innerhalb von 2-5 Werktagen,2023-05-03 00:48:27.154658,-,Hinweis zur Aufbewahrung: Nach dem Öffnen gekühlt aufbewahren. Vor Gebrauch gut schütteln.,"Verantwortliches Lebensmittelunternehmen:
H.J. Heinz GmbH, Erkrather Str. 228b, D-40233 Düsseldorf","Zutatenverzeichnis: Tomaten (148 g pro 100 g Tomaten Ketchup), Essig*, Zucker, Salz, Gewürz- und Kräuterextrakte (enthält SELLERIE), Gewürz. *Österreich: Weingeistessig",102,435,"0,1","0,1","23,2","22,8","1,2","1,8",https://www.edeka24.de/Lebensmittel/Sossen/Ketchup-Mayonnaise/Heinz-Tomato-Ketchup-300ML.html,https://www.edeka24.de/out/pictures/generated/product/1/540_540_90/heinzketchupglas300.jpg
2008,Lebensmittel,Soßen,Ketchup-Mayonnaise,Hellmann's Vegan Mayo Garlic 270G,"2,99 €","11,07 €/kg","inkl. MwSt., zzgl. 4.95 € Versandkosten.",lieferbar innerhalb von 2-5 Werktagen,2023-05-03 00:48:30.549238,Vegane Salatcreme auf Rapsölbasis mit Knoblauch,Hinweis zur Aufbewahrung: Nach dem Öffnen im Kühlschrank aufbewahren.,"Verantwortliches Lebensmittelunternehmen:
Unilever Deutschland, Postfach 57 05 50, 22774 Hamburg","Zutatenverzeichnis: 72% Rapsöl, Trinkwasser, Branntweinessig / Weingeistessig, 4,4% Knoblauch, Zucker, Speisesalz, modifizierte Maisstärke, Zitronensaftkonzentrat, natürliche Aromen (mit SENF), Antioxidationsmittel (Calcium-Dinatrium-EDTA).",2640,631,69,"4,9","4,6","3,4","0,5","1,4",https://www.edeka24.de/Lebensmittel/Sossen/Ketchup-Mayonnaise/Hellmann-s-Vegan-Mayo-Garlic-270G.html,https://www.edeka24.de/out/pictures/generated/product/1/540_540_90/hellmann039s_vegan_mayo_garlic_270g.jpg
2009,Lebensmittel,Soßen,Ketchup-Mayonnaise,Heinz Tomato Ketchup 750ML,"4,79 €","6,39 €/l","inkl. MwSt., zzgl. 4.95 € Versandkosten.",lieferbar innerhalb von 2-5 Werktagen,2023-05-03 00:48:34.225117,-,Hinweis zur Aufbewahrung: Nach dem Öffnen gekühlt aufbewahren. Vor Gebrauch gut schütteln.,"Verantwortliches Lebensmittelunternehmen:
H. J. Heinz GmbH, Postfach 14 05 55, 40075 Düsseldorf, Deutschland","Zutatenverzeichnis: Tomaten (148 g pro 100 g Tomaten Ketchup), Branntweinessig*, Zucker, Salz, Gewürz- und Kräuterextrakte (enthält SELLERIE), Gewürz. *Österreich: Weingeistessig",102,435,"0,1","0,1","23,2","22,8","1,2","1,8",https://www.edeka24.de/Lebensmittel/Sossen/Ketchup-Mayonnaise/Heinz-Tomato-Ketchup-750ML.html,https://www.edeka24.de/out/pictures/generated/product/1/540_540_90/heinz_tomato_ketchup_750ml.jpg
2010,Lebensmittel,Soßen,Ketchup-Mayonnaise,Heinz Mayo Vegan Chili 220ML,"3,19 €","14,50 €/l","inkl. MwSt., zzgl. 4.95 € Versandkosten.",lieferbar innerhalb von 2-5 Werktagen,2023-05-03 00:48:37.939053,Vegane Chili Salatmayonnaise ohne Ei,Hinweis zur Aufbewahrung: nach dem Öffnen gekühlt aufbewahren.,"Verantwortliches Lebensmittelunternehmen:
H.J. Heinz GmbH, Postfach 140555, 40075 Düsseldorf","Zutatenverzeichnis: Sonnenblumenöl 68%, Wasser, Branntweinessig, Zucker, modifizierte Stärke, Salz, Gewürze, Stärke, Chipotle-Extrakt 0,5%, natürliche Aromen, Antioxidationsmittel (Calcium-Dinatrium-EDTA).",2605,634,69,"8,2","3,8","2,1","0,1","0,91",https://www.edeka24.de/Lebensmittel/Sossen/Ketchup-Mayonnaise/Heinz-Mayo-Vegan-Chili-220ML.html,https://www.edeka24.de/out/pictures/generated/product/1/540_540_90/heinz_mayo_vegan_chili_220ml.jpg
2012,Lebensmittel,Soßen,Salatdressing,Kühne Joghurt Dressing 500ML,"2,49 €","4,98 €/l","inkl. MwSt., zzgl. 4.95 € Versandkosten.",lieferbar innerhalb von 2-5 Werktagen,2023-05-03 00:48:44.299631,-,,"Verantwortliches Lebensmittelunternehmen:
Carl Kühne KG (GmbH & Co.), Kühnehöfe 11, D-22761 Hamburg","Zutatenverzeichnis: Wasser, MAGERMILCHJOGHURT (30%), Rapsöl, Glukose-Fruktose-Sirup, Branntweinessig, Zucker, Salz, MOLKENERZEUGNIS, Verdickungsmittel Pektine, Guar- und Johannisbrotkernmehl, EIGELB (Eier aus Bodenhaltung), Säuerungsmittel Milch- und Citronensäure, Petersilie, Zitronensaft-konzentrat, modifizierte Stärke, Dill, natürliches Aroma, Gewürz",873,211,17,"1,2",12,"7,9","1,7","1,6",https://www.edeka24.de/Lebensmittel/Sossen/Salatdressing/Kuehne-Joghurt-Dressing-500ML.html,https://www.edeka24.de/out/pictures/generated/product/1/540_540_90/khne_joghurt_dressing.jpg
2013,Lebensmittel,Soßen,Salatdressing,Kühne Balsamico Dressing 500ML,"2,49 €","4,98 €/l","inkl. MwSt., zzgl. 4.95 € Versandkosten.",lieferbar innerhalb von 2-5 Werktagen,2023-05-03 00:48:47.804924,-,Hinweis zur Aufbewahrung: Vor Gebrauch gut schütteln. Nach Öffnen kühl lagern.,"Verantwortliches Lebensmittelunternehmen:
Carl Kühne KG (GmbH & Co.), Kühnehöfe 11, D-22761 Hamburg","Zutatenverzeichnis: Wasser, 25 % Aceto Balsamico di Modena I.G.P. (Weinessig, Traubenmostkonzentrat, Farbstoff E150d), Glukose-Fruktose-Sirup, Rapsöl, Salz, Traubensaftkonzentrat, Zucker, Olivenöl, Säureregulator Natriumacetat, Verdickungsmittel Carrageen und Johannisbrotkernmehl",96,402,"4,1","0,3",13,12,"0,3","2,6",https://www.edeka24.de/Lebensmittel/Sossen/Salatdressing/Kuehne-Balsamico-Dressing-500ML.html,https://www.edeka24.de/out/pictures/generated/product/1/540_540_90/khne_balsamico_dressing_500_ml.jpg
2014,Lebensmittel,Soßen,Salatdressing,Kühne Joghurt & Knoblauch Dressing 250ML,"1,79 €","7,16 €/l","inkl. MwSt., zzgl. 4.95 € Versandkosten.",lieferbar innerhalb von 2-5 Werktagen,2023-05-03 00:48:51.341450,-,Hinweis zur Aufbewahrung: Nach Anbruch kühl lagern.,"Verantwortliches Lebensmittelunternehmen:
Carl Kühne KG (GmbH & Co.), Kühnehöfe 11, D-22761 Hamburg","Zutatenverzeichnis: Wasser, MAGERMILCHJOGHURT (20 %), Rapsöl, Glukose-Fruktose-Sirup, Branntweinessig, Zwiebeln, Salz, Knoblauch (1,2 %), Zucker, MOLKENERZEUGNIS, Verdickungsmittel Pektine, Guar- und Johannis-brotkernmehl, EIGELB (Eier aus Bodenhaltung), Zitronensaftkonzentrat,Kräuter, Gewürz, modifizierte Stärke, natürliches Aroma",759,183,16,"1,1",8,6,"1,4","1,5",https://www.edeka24.de/Lebensmittel/Sossen/Salatdressing/Kuehne-Joghurt-Knoblauch-Dressing-250ML.html,https://www.edeka24.de/out/pictures/generated/product/1/540_540_90/khne_joghurt_amp_knoblauch_dessing.jpg
2015,Lebensmittel,Soßen,Salatdressing,Kühne Honig & Senf Dressing 250G,"1,79 €","7,16 €/l","inkl. MwSt., zzgl. 4.95 € Versandkosten.",lieferbar innerhalb von 2-5 Werktagen,2023-05-03 00:48:54.882323,-,Hinweis zur Aufbewahrung: Nach Anbruch kühl lagern.,"Verantwortliches Lebensmittelunternehmen:
Carl Kühne KG (GmbH & Co.), Kühnehöfe 11, D-22761 Hamburg","Zutatenverzeichnis: Wasser, Glukose-Fruktose-Sirup, Rapsöl, SENF 7 % (Wasser, SENFSAATEN, Branntweinessig, Salz, Gewürze), Weißweinessig, Yucatan-Honig (3 %), modifizierte Stärke, EIGELB (Eier aus Bodenhaltung), Salz, SENFSCHROT, Verdickungsmittel Xanthan, Gewürz, Farbstoff Betacarotin und Paprikaextrakt",734,176,12,"0,9",15,12,"1,1","1,9",https://www.edeka24.de/Lebensmittel/Sossen/Salatdressing/Kuehne-Honig-Senf-Dressing-250G.html,https://www.edeka24.de/out/pictures/generated/product/1/540_540_90/khne_honig_amp_senf_dressing.jpg
2016,Lebensmittel,Soßen,Salatdressing,Kühne Gartenkräuter Dressing Laktosefrei 500ML,"2,49 €","4,98 €/l","inkl. MwSt., zzgl. 4.95 € Versandkosten.",lieferbar innerhalb von 2-5 Werktagen,2023-05-03 00:48:57.839903,-,Hinweis zur Aufbewahrung: Vor Gebrauch gut schütteln. nach Anbruch gekühlt lagern.,"Verantwortliches Lebensmittelunternehmen:
Carl Kühne KG (GmbH & Co.), Kühnehöfe 11, D-22761 Hamburg","Zutatenverzeichnis: Wasser, Rapsöl, Glukose-Fruktose-Sirup, Weißwein- und Branntweinessig, modifizierte Stärke, Salz, Kräuter (1%)(Schnittlauch, Petersilie, Dill), natürliches Aroma, Verdickungsmittel Xanthan, SENFSAATEN, EIGELB*, Gewürze *Eier aus Bodenhaltung",585,141,12,"0,9","6,1","5,4","1,6","1,7",https://www.edeka24.de/Lebensmittel/Sossen/Salatdressing/Kuehne-Gartenkraeuter-Dressing-Laktosefrei-500ML.html,https://www.edeka24.de/out/pictures/generated/product/1/540_540_90/khne_gartenkruter_dressing_laktosefrei_500_ml.jpg
2017,Lebensmittel,Soßen,Salatdressing,Kühne Natürlich Gut Joghurt Wildkräuter Dressing 250ML,"2,69 €","10,76 €/l","inkl. MwSt., zzgl. 4.95 € Versandkosten.",lieferbar innerhalb von 2-5 Werktagen,2023-05-03 00:49:01.577497,Dressing mit Magermilchjoghurt und Wildkräutern,Hinweis zur Aufbewahrung: Nach Anbruch gekühlt lagern und alsbald verzehren.,"Verantwortliches Lebensmittelunternehmen:
Carl Kühne KG, 22761 Hamburg","Zutatenverzeichnis: Trinkwasser, MAGERMILCHJOGHURT (20 %), Rapsöl, Zucker, Stärke, Branntweinessig, EIGELB*, Speisesalz, Zitronensaftkonzentrat, Wildkräuter (Kresse, Bärlauch, Sauerampfer), Liebstöckel, Gewürze *Eier aus Freilandhaltung",972,235,20,"1,7",12,8,"1,1","1,5",https://www.edeka24.de/Lebensmittel/Sossen/Salatdressing/Kuehne-Natuerlich-Gut-Joghurt-Wildkraeuter-Dressing-250ML.html,https://www.edeka24.de/out/pictures/generated/product/1/540_540_90/kamp252hne_natamp252rlich_gut_joghurt_wildkramp228uter_250ml.jpg
2018,Lebensmittel,Soßen,Salatdressing,"Kühne Salata Fertige Salatwürze kräuter-würzig 0,75L","1,69 €","2,25 €/l","inkl. MwSt., zzgl. 4.95 € Versandkosten.",lieferbar innerhalb von 2-5 Werktagen,2023-05-03 00:49:05.318065,Salatmarinade mit Süßungsmittel,,"Verantwortliches Lebensmittelunternehmen:
Carl Kühne KG, Kühnehöfe 11, 22761 Hamburg","Zutatenverzeichnis: Wasser, Branntweinessig, Salz, natürliches Dillaroma, Würze, Farbstoff E150c, Süßstoff Saccharin.",32,8,0,0,0,0,0,"2,9",https://www.edeka24.de/Lebensmittel/Sossen/Salatdressing/Kuehne-Salata-Fertige-Salatwuerze-kraeuter-wuerzig-0-75L.html,https://www.edeka24.de/out/pictures/generated/product/1/540_540_90/khne_salata_fertige_salatwrze_kruterwrzig.jpg
2019,Lebensmittel,Soßen,Salatdressing,Kühne Sauce für Kartoffelsalat klassisch 250ML,"2,49 €","9,96 €/l","inkl. MwSt., zzgl. 4.95 € Versandkosten.",lieferbar innerhalb von 2-5 Werktagen,2023-05-03 00:49:08.536955,Fertige Sauce für Kartoffelsalat,Hinweis zur Aufbewahrung: Nach Anbruch kühl lagern.,"Verantwortliches Lebensmittelunternehmen:
Carl Kühne KG (GmbH & Co.), 22761 Hamburg","Zutatenverzeichnis: Wasser, Rapsöl, Branntweinessig, Glukose-Fruktose-Sirup, Stärke, EIGELB* , Salz, Kräuter, modifizierte Stärke, SENFSAATEN, natürliches Aroma, Gewürze *Eier aus Bodenhaltung",1480,359,35,"2,7","9,5","5,4","0,6","1,9",https://www.edeka24.de/Lebensmittel/Sossen/Salatdressing/Kuehne-Sauce-fuer-Kartoffelsalat-klassisch-250ML.html,https://www.edeka24.de/out/pictures/generated/product/1/540_540_90/khne_sauce_fr_kartoffelsalat_klassisch.jpg
2020,Lebensmittel,Soßen,Salatdressing,Kühne Kräuterwürzig Dressing 500ML,"2,49 €","4,98 €/l","inkl. MwSt., zzgl. 4.95 € Versandkosten.",lieferbar innerhalb von 2-5 Werktagen,2023-05-03 00:49:12.319775,Salatdressing Kräuter mit Zuckern und Süßungsmittel,,"Verantwortliches Lebensmittelunternehmen:
Carl Kühne KG (GmbH & Co.), Kühnehöfe 11, D-22761 Hamburg","Zutatenverzeichnis: Wasser, Branntweinessig, Weinessig, Glukose-Fruktose-Sirup, Salz, Gewürze, Zucker, Säureregulator Natriumacetat, Verdickungsmittel Carrageen und Johannisbrotkernmehl, Kräuter, natürliches Aroma, Süßungsmittel Saccharin, Hefeextrakt",113,27,"0,1","0,1","5,3",5,"0,2","3,2",https://www.edeka24.de/Lebensmittel/Sossen/Salatdressing/Kuehne-Kraeuterwuerzig-Dressing-500ML.html,https://www.edeka24.de/out/pictures/generated/product/1/540_540_90/khne_kruterwrzig_dressing.jpg
2021,Lebensmittel,Soßen,Salatdressing,Kühne Enjoy Balsamico Vinaigrette 300 ml,"3,49 €","11,63 €/l","inkl. MwSt., zzgl. 4.95 € Versandkosten.",lieferbar innerhalb von 2-5 Werktagen,2023-05-03 00:49:15.504963,"Balsamico Vinaigrette Glutenfrei, laktosefrei",Hinweis zur Aufbewahrung: Nach Anbruch kühl lagern.,"Verantwortliches Lebensmittelunternehmen:
Carl Kühne KG (GmbH & Co.), Kühnehöfe 11, D-22761 Hamburg","Zutatenverzeichnis: Wasser, Rapsöl (26 %), Aceto Balsamico (22 %) (Weinessig, Traubenmostkonzentrat, Farbstoff E150c), Traubenmostkonzentrat, Zucker, Salz, Kräuter, Verdickungsmittel Xanthan, Gewürz",1367,330,28,"1,8",18,17,"0,3","1,3",https://www.edeka24.de/Lebensmittel/Sossen/Salatdressing/Kuehne-Enjoy-Balsamico-Vinaigrette-300-ml.html,https://www.edeka24.de/out/pictures/generated/product/1/540_540_90/kueenjoy_balsamivinaig300ml.jpg
2022,Lebensmittel,Soßen,Salatdressing,Kühne Natürlich Gut Honig Dijon-Senf Dressing 250ML,"2,69 €","10,76 €/l","inkl. MwSt., zzgl. 4.95 € Versandkosten.",lieferbar innerhalb von 2-5 Werktagen,2023-05-03 00:49:19.167597,Honig Dijon-Senf Dressing,Hinweis zur Aufbewahrung: Nach Anbruch gekühlt lagern und alsbald verzehren.,"Verantwortliches Lebensmittelunternehmen:
Carl Kühne KG, 22761 Hamburg","Zutatenverzeichnis: Trinkwasser, Rapsöl, Zucker, Stärke, Weißweinessig, Blütenhonig (3 %), DIJON SENF (3 %) (Wasser, SENFSAATEN, Branntweinessig, Speisesalz), EIGELB*, Speisesalz, SENFSCHROT, Tomatenmark, Gewürze, Kräuter *Eier aus Freilandhaltung",863,208,17,"1,4",12,"8,8",1,"2,1",https://www.edeka24.de/Lebensmittel/Sossen/Salatdressing/Kuehne-Natuerlich-Gut-Honig-Dijon-Senf-Dressing-250ML.html,https://www.edeka24.de/out/pictures/generated/product/1/540_540_90/kamp252hne_natamp252rlich_gut_honig_dijon_senf_250ml.jpg
2023,Lebensmittel,Soßen,Salatdressing,Kühne Caesar Dressing 500ML,"2,49 €","4,98 €/l","inkl. MwSt., zzgl. 4.95 € Versandkosten.",lieferbar innerhalb von 2-5 Werktagen,2023-05-03 00:49:23.030453,-,,"Verantwortliches Lebensmittelunternehmen:
Carl Kühne KG (GmbH & Co.), Kühnehöfe 11, D-22761 Hamburg","Zutatenverzeichnis: Wasser, Rapsöl, BUTTERMILCH, Branntweinessig, geriebener HARTKÄSE (4%), Knoblauch (2,4 %), Salz, Glukose-Fruktose-Sirup, EIGELB (Eier aus Bodenhaltung), MOLKENERZEUGNIS, modifizierte Stärke, Zucker, Gewürze, natürliches Aroma, Verdickungsmittel Guarkernmehl und Xanthan, SOJASAUCE (Wasser, SOJA, WEIZEN, Salz), Zitronensaftkonzentrat",214,887,19,"1,4","7,8","5,5","2,3",2,https://www.edeka24.de/Lebensmittel/Sossen/Salatdressing/Kuehne-Caesar-Dressing-500ML.html,https://www.edeka24.de/out/pictures/generated/product/1/540_540_90/khne_caesar_dressing_500_ml.jpg
2024,Lebensmittel,Soßen,Salatdressing,Kühne Enjoy Himbeer Vinaigrette 300ML,"3,49 €","11,63 €/l","inkl. MwSt., zzgl. 4.95 € Versandkosten.",lieferbar innerhalb von 2-5 Werktagen,2023-05-03 00:49:26.566073,Himbeer Vinaigrette,Hinweis zur Aufbewahrung: Nach Anbruch kühl lagern.,"Verantwortliches Lebensmittelunternehmen:
Carl Kühne KG, 22761 Hamburg","Zutatenverzeichnis: Zutaten: Himbeersaft aus Himbeersaftkonzentrat (27 %), Rapsöl, Wasser, Weißweinessig, Zucker, Apfelsaftkonzentrat, Salz, Verdickungsmittel Xanthan, Pfefferextrakt",1284,310,28,1,13,12,"0,3","1,4",https://www.edeka24.de/Lebensmittel/Sossen/Salatdressing/Kuehne-Enjoy-Himbeer-Vinaigrette-300ML.html,https://www.edeka24.de/out/pictures/generated/product/1/540_540_90/kueenjoy_himbeer_vinaig300ml.jpg
2025,Lebensmittel,Soßen,Salatdressing,Kühne Dressing Joghurt & Gartenkräuter 250ML,"1,79 €","7,16 €/l","inkl. MwSt., zzgl. 4.95 € Versandkosten.",lieferbar innerhalb von 2-5 Werktagen,2023-05-03 00:49:29.630045,Dressing Gartenkräuter mit Magermilchjoghurt,Hinweis zur Aufbewahrung: Nach Anbruch gekühlt lagern.,"Verantwortliches Lebensmittelunternehmen:
Carl Kühne KG, 22761 Hamburg","Zutatenverzeichnis: Wasser, MAGERMILCHJOGHURT (25%), Rapsöl, Glukose-Fruktose-Sirup, Branntweinessig, modifizierte Stärke, Kräuter (1,5 %) ( Schnittlauch, Dill, Petersilie), Salz, Verdickungsmittel Xanthan, MILCHEIWEIß, Zitronensaftkonzentrat, Säuerungsmittel Milchsäure, natürliches Aroma (enthält MILCH).",179,745,14,1,11,"6,6","1,7","1,4",https://www.edeka24.de/Lebensmittel/Sossen/Salatdressing/Kuehne-Dressing-Joghurt-Gartenkraeuter-250ML.html,https://www.edeka24.de/out/pictures/generated/product/1/540_540_90/kamp252hne_dressing_joghurt_gartenkramp228uter_250ml.jpg
2026,Lebensmittel,Soßen,Senf-Meerrettich,Thomy Delikatess Senf mittelscharf 200ML,"1,39 €","6,95 €/l","inkl. MwSt., zzgl. 4.95 € Versandkosten.",lieferbar innerhalb von 2-5 Werktagen,2023-05-03 00:49:33.015798,-,Hinweis zur Aufbewahrung: Nach Anbruch bitte kühl aufbewahren.,"Verantwortliches Lebensmittelunternehmen:
Nestlé Deutschland AG, 41415 Neuss","Zutatenverzeichnis: Trinkwasser, SENFKÖRNER, Branntweinessig, Jodsalz, Zucker, Gewürze. SPUREN: MILCH, SELLERIE",486,117,7,"1,5","3,9","1,7","6,6","3,9",https://www.edeka24.de/Lebensmittel/Sossen/Senf-Meerrettich/Thomy-Delikatess-Senf-mittelscharf-200ML.html,https://www.edeka24.de/out/pictures/generated/product/1/540_540_90/thomy_delikatess_senf_mittelscharf_in_der_tube_gro.jpg
2027,Lebensmittel,Soßen,Senf-Meerrettich,Kühne Mittelscharfer Senf 875ML,"2,25 €","2,57 €/l","inkl. MwSt., zzgl. 4.95 € Versandkosten.",lieferbar innerhalb von 2-5 Werktagen,2023-05-03 00:49:36.733026,Mittelscharfer Senf,,"Verantwortliches Lebensmittelunternehmen:
Carl Kühne KG, Kühnehöfe 11, D-22761 Hamburg","Zutatenverzeichnis: Wasser, SENFSAATEN, Branntweinessig, Salz, Zucker, Gewürze.",460,110,"6,3","0,3","4,5","3,3","5,6",4,https://www.edeka24.de/Lebensmittel/Sossen/Senf-Meerrettich/Kuehne-Mittelscharfer-Senf-875ML.html,https://www.edeka24.de/out/pictures/generated/product/1/540_540_90/khne_senf_mittelscharf(2).jpg
2028,Lebensmittel,Soßen,Senf-Meerrettich,Händlmaier süßer Hausmachersenf im Glas 335ML,"1,89 €","5,64 €/l","inkl. MwSt., zzgl. 4.95 € Versandkosten.",lieferbar innerhalb von 2-5 Werktagen,2023-05-03 00:49:40.634135,-,Hinweis zur Aufbewahrung: kühl und trocken lagern,"Verantwortliches Lebensmittelunternehmen:
Luise Händlmaier GmbH, Eschenbacher Str. 2; 93057 Regensburg","Zutatenverzeichnis: Wasser, Brauner Zucker, SENFSAATEN, Branntweinessig, Gewürze",225,952,"2,8","0,2","39,3","38,2",7,"0,1",https://www.edeka24.de/Lebensmittel/Sossen/Senf-Meerrettich/Haendlmaier-suesser-Hausmachersenf-im-Glas-335ML.html,https://www.edeka24.de/out/pictures/generated/product/1/540_540_90/hndlmaiershms.jpg
2029,Lebensmittel,Soßen,Senf-Meerrettich,Mautner Markhof Estragon Senf 200G,"1,59 €","7,95 €/kg","inkl. MwSt., zzgl. 4.95 € Versandkosten.",lieferbar innerhalb von 2-5 Werktagen,2023-05-03 00:49:44.155914,-,"Hinweis zur Aufbewahrung: Trocken, kühl und lichtgeschützt lagern, Nach dem Öffnen gekühlt aufbewahren und innerhalb von 3 Tagen verzehren","Verantwortliches Lebensmittelunternehmen:
Mautner Markhof Feinkost GmbH, A-1110 Wien","Zutatenverzeichnis: Wasser, SENFSAAT, Weingeistessig (D: Branntweinessig), Zucker, Salz, Gewürze, natürliches Aroma.",123,512,"6,6","0,4","5,7","5,7","5,9","2,3",https://www.edeka24.de/Lebensmittel/Sossen/Senf-Meerrettich/Mautner-Markhof-Estragon-Senf-200G.html,https://www.edeka24.de/out/pictures/generated/product/1/540_540_90/mautner_markhof_estragon_senf_200g.jpg
2030,Lebensmittel,Soßen,Senf-Meerrettich,Kühne Sahne Meerrettich 250G,"1,79 €","7,16 €/kg","inkl. MwSt., zzgl. 4.95 € Versandkosten.",lieferbar innerhalb von 2-5 Werktagen,2023-05-03 00:49:47.100139,-,Hinweis zur Aufbewahrung: Nach Anbruch kühl lagern.,"Verantwortliches Lebensmittelunternehmen:
Carl Kühne KG (GmbH & Co.), 22761 Hamburg","Zutatenverzeichnis: Meerrettich, Rapsöl, Schlagsahne (10%), Branntweinessig, Wasser,Glukose-Fruktose-Sirup, Zucker, MOLKENERZEUGNIS, Salz, Verdickungsmittel Guarkernmehl und Xanthan, Säuerungsmittel Citronensäure, Antioxidationsmittel NATRIUMMETABISULFIT, Farbstoff Titandioxid, natürliches Aroma",1199,290,25,"3,4",12,"7,7","2,3",1,https://www.edeka24.de/Lebensmittel/Sossen/Senf-Meerrettich/Kuehne-Sahne-Meerrettich-250G.html,https://www.edeka24.de/out/pictures/generated/product/1/540_540_90/khne_sahne_meerrettich.jpg
2031,Lebensmittel,Soßen,Senf-Meerrettich,Schamel Bayerischer Meerrettich scharfwürzig 90G,"1,99 €","22,11 €/kg","inkl. MwSt., zzgl. 4.95 € Versandkosten.",lieferbar innerhalb von 2-5 Werktagen,2023-05-03 00:49:50.382694,Bayerischer Tafel-Meerrettich,Hinweis zur Aufbewahrung: Nach dem Öffnen kühl aufbewahren!,"Verantwortliches Lebensmittelunternehmen:
Schamel Meerrettich, D-91081 Baiersdorf / Bayern","Zutatenverzeichnis: Meerrettich, Rapsöl, Branntweinessig, Zucker, Salz, Säuerungsmittel Citronensäure, MOLKENERZEUGNIS, Stabilisator Xanthan, Stärke, Antioxidationsmittel NATRIUMMETABISULFIT, natürliches Aroma.",213,880,18,"1,4","8,5","5,9","1,7","0,32",https://www.edeka24.de/Lebensmittel/Sossen/Senf-Meerrettich/Schamel-Bayerischer-Meerrettich-scharfwuerzig-90G.html,https://www.edeka24.de/out/pictures/generated/product/1/540_540_90/schamelschawtub.jpg
2032,Lebensmittel,Soßen,Senf-Meerrettich,Mautner Markhof Tiroler Hüttensenf mit Kren 200G,"1,49 €","7,45 €/kg","inkl. MwSt., zzgl. 4.95 € Versandkosten.",lieferbar innerhalb von 2-5 Werktagen,2023-05-03 00:49:54.743474,-,"Hinweis zur Aufbewahrung: Trocken, kühl und lichtgeschützt lagern.","Verantwortliches Lebensmittelunternehmen:
Mautner Markhof Feinkost GmbH, A-1110 Wien","Zutatenverzeichnis: Wasser, SENFSAAT, Weingeistessig (D: Branntweinessig), 12% Krenwurzeln (D: Meerrettichwurzeln), Zucker, Salz, Gewürze, Sonnenblumenöl, Aroma, Antioxidationsmittel: Ascorbinsäure und SCHWEFELDIOXID.",495,119,"5,9","0,4","9,6","6,8","5,6","1,9",https://www.edeka24.de/Lebensmittel/Sossen/Senf-Meerrettich/Mautner-Markhof-Tiroler-Huettensenf-mit-Kren-200G.html,https://www.edeka24.de/out/pictures/generated/product/1/540_540_90/mautntiroler_krensenf_200g.jpg
2033,Lebensmittel,Soßen,Senf-Meerrettich,Schamel Bayrischer Alpensahne Meerrettich 135G,"2,49 €","18,44 €/kg","inkl. MwSt., zzgl. 4.95 € Versandkosten.",lieferbar innerhalb von 2-5 Werktagen,2023-05-03 00:49:58.684592,Bayerischer Sahne-Meerrettich,Hinweis zur Aufbewahrung: Nach dem Öffnen kühl aufbewahren!,"Verantwortliches Lebensmittelunternehmen:
Schamel Meerrettich, D-91081 Baiersdorf / Bayern","Zutatenverzeichnis: Meerrettich, Rapsöl, SAHNE (27%), Branntweinessig, Zucker, MILCHEIWEIß, Jodsalz, Säuerungsmittel Citronensäure und Ascorbinsäure, MOLKENERZEUGNIS, Stabilisatoren Guarkernmehl und Xanthan, modifizierte Stärke, Antioxidationsmittel NATRIUMMETABISULFIT, natürliches Aroma.",1324,316,"29,7","3,3","9,6","7,2","2,2","0,5",https://www.edeka24.de/Lebensmittel/Sossen/Senf-Meerrettich/Schamel-Bayrischer-Alpensahne-Meerrettich-135G.html,https://www.edeka24.de/out/pictures/generated/product/1/540_540_90/schamel_bayrischer_alpensahne_meerrettich_im_glas_135_g.jpg
2034,Lebensmittel,Soßen,Senf-Meerrettich,Händlmaier Grill Senf 200ML,"1,69 €","8,45 €/l","inkl. MwSt., zzgl. 4.95 € Versandkosten.",lieferbar innerhalb von 2-5 Werktagen,2023-05-03 00:50:03.194748,Grill Senf,Hinweis zur Aufbewahrung: Nach dem Öffnen kühl lagern.,"Verantwortliches Lebensmittelunternehmen:
Luise Händlmaier GmbH, 93057 Regensburg","Zutatenverzeichnis: Wasser, SENFSAATEN, Branntweinessig, Zucker, Speisesalz, Glukosesirup, Zuckerrübenmelasse, natürliches Gewürz-Aroma, Estragonextrakt, Verdickungsmittel (Xanthan).",516,124,"5,5","0,3","10,6","10,6","5,9","2,5",https://www.edeka24.de/Lebensmittel/Sossen/Senf-Meerrettich/Haendlmaier-Grill-Senf-200ML.html,https://www.edeka24.de/out/pictures/generated/product/1/540_540_90/hamp228ndlmaiers_grillsenf_200ml.jpg
2035,Lebensmittel,Soßen,Senf-Meerrettich,Schamel Rachenputzer Meerrettich extra 140G,"2,49 €","17,79 €/kg","inkl. MwSt., zzgl. 4.95 € Versandkosten.",lieferbar innerhalb von 2-5 Werktagen,2023-05-03 00:50:06.804817,-,Hinweis zur Aufbewahrung: Nach dem Öffnen kühl aufbewahren,"Verantwortliches Lebensmittelunternehmen:
Schamel Meerrettich, D-91081 Baiersdorf / Bayern","Zutatenverzeichnis: Meerrettich, Wasser, Rapsöl, Säuerungsmittel Citronensäure und Ascorbinsäure, Salz, Stabilisator Xanthan, Antioxidationsmittel NATRIUMMETABISULFIT, natürliches Aroma.",124,516,"8,1","0,6","7,5","4,8","1,9","0,44",https://www.edeka24.de/Lebensmittel/Sossen/Senf-Meerrettich/Schamel-Rachenputzer-Meerrettich-extra-140G.html,https://www.edeka24.de/out/pictures/generated/product/1/540_540_90/schamel_rachenputzer_meerrettich_extra_140_g.jpg
2036,Lebensmittel,Soßen,Senf-Meerrettich,Thomy Scharfer Senf 200ML,"1,39 €","6,95 €/l","inkl. MwSt., zzgl. 4.95 € Versandkosten.",lieferbar innerhalb von 2-5 Werktagen,2023-05-03 00:50:10.507139,-,Hinweis zur Aufbewahrung: Nach Anbruch bitte kühl aufbewahren.,"Verantwortliches Lebensmittelunternehmen:
Nestlé Deutschland AG, 41415 Neuss","Zutatenverzeichnis: SENFKÖRNER, Branntweinessig, Trinkwasser, Jodsalz, Gewürze, Zucker, Säuerungsmittel Weinsäure. SPUREN: MILCH",179,744,12,"2,2","4,8","2,6","9,3","6,5",https://www.edeka24.de/Lebensmittel/Sossen/Senf-Meerrettich/Thomy-Scharfer-Senf-200ML.html,https://www.edeka24.de/out/pictures/generated/product/1/540_540_90/thomy_scharfer_senf_gro_in_der_tube(1).jpg
2037,Lebensmittel,Soßen,Senf-Meerrettich,Thomy Delikatess Senf Mittelscharf im Glas 250ML,"1,69 €","6,76 €/l","inkl. MwSt., zzgl. 4.95 € Versandkosten.",lieferbar innerhalb von 2-5 Werktagen,2023-05-03 00:50:14.898420,-,Hinweis zur Aufbewahrung: Nach Anbruch bitte kühl aufbewahren.,"Verantwortliches Lebensmittelunternehmen:
Nestlé Deutschland AG, 41415 Neuss","Zutatenverzeichnis: Trinkwasser, SENFKÖRNER, Branntweinessig, Jodsalz, Zucker, Gewürze. SPUREN: MILCH, SELLERIE",486,117,7,"1,5","3,9","1,7","6,6","3,9",https://www.edeka24.de/Lebensmittel/Sossen/Senf-Meerrettich/Thomy-Delikatess-Senf-Mittelscharf-im-Glas-250ML.html,https://www.edeka24.de/out/pictures/generated/product/1/540_540_90/thomy_delikatess_senf_mittelscharf_im_glas_250ml.jpg
2038,Lebensmittel,Soßen,Senf-Meerrettich,Thomy Delikatess Senf mittelscharf 100ML,"1,09 €","10,90 €/l","inkl. MwSt., zzgl. 4.95 € Versandkosten.",lieferbar innerhalb von 2-5 Werktagen,2023-05-03 00:50:18.421422,-,Hinweis zur Aufbewahrung: Nach Anbruch bitte kühl aufbewahren.,"Verantwortliches Lebensmittelunternehmen:
Nestlé Deutschland AG, 41415 Neuss","Zutatenverzeichnis: Wasser, SENFKÖRNER, Branntweinessig, Jodsalz, Gewürze (Kurkuma, Koriander, Paprika, Piment), Zucker. Kann MILCH enthalten.",119,495,"7,3","1,5","3,8","1,9","6,7","3,9",https://www.edeka24.de/Lebensmittel/Sossen/Senf-Meerrettich/Thomy-Delikatess-Senf-mittelscharf-100ML.html,https://www.edeka24.de/out/pictures/generated/product/1/540_540_90/thomydelisenfmittelscharf100ml.jpg
2039,Lebensmittel,Soßen,Senf-Meerrettich,Löwensenf Senf extra scharf 250ML,"1,89 €","7,56 €/l","inkl. MwSt., zzgl. 4.95 € Versandkosten.",lieferbar innerhalb von 2-5 Werktagen,2023-05-03 00:50:22.678477,"Seit 1920 ist Löwensenf Extra ein Synonym für scharfen Senf. Kein Wunder also, dass er unter den „scharfen“ der unangefochtene Marktführer und auch weit über die Grenzen Deutschlands hinaus bekannt und beliebt ist. Nach dem Löwensenf Reinheitsgebot werden ausschließlich vier Zutaten für die Herstellung verwendet: Senfsaat, Branntweinessig, Trinkwasser und Salz. Die einzigartige Schärfe von Löwensenf Extra wird nur über die Senfsaat sowie deren Verarbeitung nach dem Dijon Verfahren erreicht und erfordert keine weiteren Zugaben.",Hinweis zur Aufbewahrung: Nach dem Öffnen kühl und dunkel aufbewahren.,"Verantwortliches Lebensmittelunternehmen:
Düsseldorfer Löwensenf GmbH, Kieshecker Weg 240, D-40468 Düsseldorf","Zutatenverzeichnis: SENFSAAT, Branntweinessig, Trinkwasser, Salz.",718,173,"12,6","1,7","1,5","1,5","8,9","6,4",https://www.edeka24.de/Lebensmittel/Sossen/Senf-Meerrettich/Loewensenf-Senf-extra-scharf-250ML.html,https://www.edeka24.de/out/pictures/generated/product/1/540_540_90/lwensenf_senf_extra_scharf_im_glas.jpg
2040,Lebensmittel,Soßen,Senf-Meerrettich,Löwensenf Bio Senf mittelscharf mild 200ML,"1,79 €","8,95 €/l","inkl. MwSt., zzgl. 4.95 € Versandkosten.",lieferbar innerhalb von 2-5 Werktagen,2023-05-03 00:50:26.614876,-,,"Verantwortliches Lebensmittelunternehmen:
Löwensenf GmbH, D-40468 Düsseldorf","Zutatenverzeichnis: Trinkwasser, SENFSAAT*, Branntweinessig*, Meersalz, Zucker*, Karamellzuckersirup*, Gewürze*. *Zutaten aus kontrolliert ökologischem Anbau nach den Bestimmungen der EG-Öko-Verordnung.",435,105,"5,8","0,8","3,6","3,1",6,4,https://www.edeka24.de/Lebensmittel/Sossen/Senf-Meerrettich/Loewensenf-Bio-Senf-mittelscharf-mild-200ML.html,https://www.edeka24.de/out/pictures/generated/product/1/540_540_90/lwensenfmittelscharfmildbio.jpg
2041,Lebensmittel,Soßen,Senf-Meerrettich,Löwensenf Bio Dijon 250ML,"2,69 €","10,76 €/l","inkl. MwSt., zzgl. 4.95 € Versandkosten.",lieferbar innerhalb von 2-5 Werktagen,2023-05-03 00:50:31.227231,Original Löwensenf Bio Dijon,Hinweis zur Aufbewahrung: Nach dem Öffnen gekühlt aufbewahren.,"Verantwortliches Lebensmittelunternehmen:
Löwensenf GmbH, 40004 Düsseldorf","Zutatenverzeichnis: Trinkwasser, SENFSAAT*, Branntweinessig*, Meersalz. *aus kontrolliertbiologischem Anbau",550,133,10,"1,4","1,4","1,4","7,3","5,8",https://www.edeka24.de/Lebensmittel/Sossen/Senf-Meerrettich/Loewensenf-Bio-Dijon-250ML.html,https://www.edeka24.de/out/pictures/generated/product/1/540_540_90/lwensenfbiodijon.jpg
2042,Lebensmittel,Soßen,Senf-Meerrettich,Schamel Bayerischer Meerrettich scharfwürzig 145G,"2,39 €","16,48 €/kg","inkl. MwSt., zzgl. 4.95 € Versandkosten.",lieferbar innerhalb von 2-5 Werktagen,2023-05-03 00:50:34.741564,Bayerischer Tafel-Meerrettich,Hinweis zur Aufbewahrung: Nach dem Öffnen kühl aufbewahren,"Verantwortliches Lebensmittelunternehmen:
Schamel Meerrettich, D-91081 Baiersdorf / Bayern","Zutatenverzeichnis: Meerrettich, Branntweinessig, Rapsöl, Zucker, Salz, Säuerungsmittel Citronensäure, MOLKENERZEUGNIS, Stabilisator Xanthan, Stärke, Antioxidationsmittel NATRIUMMETABISULFIT, natürliches Aroma.",694,167,12,1,"9,5","6,9","1,7","0,28",https://www.edeka24.de/Lebensmittel/Sossen/Senf-Meerrettich/Schamel-Bayerischer-Meerrettich-scharfwuerzig-145G.html,https://www.edeka24.de/out/pictures/generated/product/1/540_540_90/schamel_bayerischer_meerrettich_scharfwrzig_gro_145_g.jpg
2043,Lebensmittel,Soßen,Senf-Meerrettich,Kühne Senf mittelscharf im Glas 250ML,"1,89 €","7,56 €/l","inkl. MwSt., zzgl. 4.95 € Versandkosten.",lieferbar innerhalb von 2-5 Werktagen,2023-05-03 00:50:38.212352,mittelscharfer Senf,Hinweis zur Aufbewahrung: Nach Anbruch kühl lagern.,"Verantwortliches Lebensmittelunternehmen:
Carl Kühne KG (GmbH & Co.), 22761 Hamburg","Zutatenverzeichnis: Wasser, SENFSAATEN, Branntweinessig, Salz, Zucker, Gewürze",110,460,"6,3","0,3","4,5","3,3","5,6",4,https://www.edeka24.de/Lebensmittel/Sossen/Senf-Meerrettich/Kuehne-Senf-mittelscharf-im-Glas-250ML.html,https://www.edeka24.de/out/pictures/generated/product/1/540_540_90/khne_mittelscharfer_senf_im_glas(1).jpg
2044,Lebensmittel,Soßen,Senf-Meerrettich,Löwensenf Senf extra scharf 200ML,"1,79 €","8,95 €/l","inkl. MwSt., zzgl. 4.95 € Versandkosten.",lieferbar innerhalb von 2-5 Werktagen,2023-05-03 00:50:42.312552,-,,"Verantwortliches Lebensmittelunternehmen:
Düsseldorfer Löwensenf GmbH, Kieshecker Weg 240, D-40468 Düsseldorf","Zutatenverzeichnis: SENFSAAT, Branntweinessig, Trinkwasser, Salz.",718,173,"12,6","1,7","1,5","1,5","8,9","6,4",https://www.edeka24.de/Lebensmittel/Sossen/Senf-Meerrettich/Loewensenf-Senf-extra-scharf-200ML.html,https://www.edeka24.de/out/pictures/generated/product/1/540_540_90/lwensenf_senf_extra_scharf_200ml.jpg
2045,Lebensmittel,Soßen,Senf-Meerrettich,Alnatura Bio Senf mittelscharf 200G,"1,79 €","8,95 €/kg","inkl. MwSt., zzgl. 4.95 € Versandkosten.",lieferbar innerhalb von 2-5 Werktagen,2023-05-03 00:50:46.438598,-,Hinweis zur Aufbewahrung: Nach dem Öffnen bitte im Kühlschrank aufbewahren.,"Verantwortliches Lebensmittelunternehmen:
Alnatura GmbH, Mahatma-Gandhi-Straße 7, 64295 Darmstadt","Zutatenverzeichnis: Wasser, SENFKÖRNER* 20 %, Branntweinessig*, Speisesalz, Kurkuma* *aus biologischer Landwirtschaft . Kann Spuren von GLUTEN enthalten.",392,95,"6,2","0,4","1,6",1,"5,9","2,9",https://www.edeka24.de/Lebensmittel/Sossen/Senf-Meerrettich/Alnatura-Bio-Senf-mittelscharf-200G.html,https://www.edeka24.de/out/pictures/generated/product/1/540_540_90/alnatura_bio_senf_mittelscharf_200_g.jpg
2046,Lebensmittel,Soßen,Senf-Meerrettich,Händlmaier süßer Hausmachersenf 225ML,"2,19 €","9,73 €/l","inkl. MwSt., zzgl. 4.95 € Versandkosten.",lieferbar innerhalb von 2-5 Werktagen,2023-05-03 00:50:49.447749,-,Hinweis zur Aufbewahrung: kühl und trocken lagern,"Verantwortliches Lebensmittelunternehmen:
Luise Händlmaier GmbH, Eschenbacher Str. 2; 93057 Regensburg","Zutatenverzeichnis: Wasser, Brauner Zucker, SENFSAATEN, Branntweinessig, Gewürze",225,952,"2,8","0,2","39,3","38,2",7,"0,1",https://www.edeka24.de/Lebensmittel/Sossen/Senf-Meerrettich/Haendlmaier-suesser-Hausmachersenf-225ML.html,https://www.edeka24.de/out/pictures/generated/product/1/540_540_90/sersenf225ml.jpg
2047,Lebensmittel,Soßen,Senf-Meerrettich,Schamel Bayerischer Meerrettich Raspelstix 145G,"2,69 €","18,55 €/kg","inkl. MwSt., zzgl. 4.95 € Versandkosten.",lieferbar innerhalb von 2-5 Werktagen,2023-05-03 00:50:52.787749,Bayerische Meerrettich-Spezialität mit Raspeln,Hinweis zur Aufbewahrung: Nach dem Öffnen kühl aufbewahren,"Verantwortliches Lebensmittelunternehmen:
Schamel Meerrettich, D-91081 Baiersdorf / Bayern","Zutatenverzeichnis: Meerrettich, Wasser, Rapsöl, Branntweinessig, Zucker, EIGELB, MOLKENERZEUGNIS, Stärke, Salz, Stabilisator Xanthan, Säuerungsmittel Citronensäure, Antioxidationsmittel NATRIUMMETABISULFIT, natürliches Aroma",190,789,14,"1,3",11,"8,8","1,8","0,8",https://www.edeka24.de/Lebensmittel/Sossen/Senf-Meerrettich/Schamel-Bayerischer-Meerrettich-Raspelstix-145G.html,https://www.edeka24.de/out/pictures/generated/product/1/540_540_90/schamel_bayerischer_meerrettich_raspelstix_145_g.jpg
2048,Lebensmittel,Soßen,Senf-Meerrettich,Wolfram Berge Tessiner Senfsauce Feige 200ML,"6,99 €","34,95 €/l","inkl. MwSt., zzgl. 4.95 € Versandkosten.",lieferbar innerhalb von 2-5 Werktagen,2023-05-03 00:50:56.630182,Feinkostsauce aus pürierten kandierten Feigen mit fein-scharfem Senfgeschmack.,"Hinweis zur Aufbewahrung: Ideal zu allen Käsesorten, ob mild oder würzig, jung oder gereift oder als Bestandteil für die Zubereitung von Salatdressings, Grill-Marianaden, Dips, Chutneys und Fleischsaucen. Vor dem Verzehr gut umrühren und nach dem Öffnen kühl aufbewahren.","Verantwortliches Lebensmittelunternehmen:
Wolfram Berge Delikatessen GmbH & Co. KG, Alfred-Nobel-Str. 1, D-51588 Nümbrecht","Zutatenverzeichnis: 50% pürierte kandierte Feigen (50% Feigen, Zucker, Glukosesirup), Zucker, Wasser, Glukosesirup, Geliermittel: Pektin, Branntweinessig, Allylsenföl, Pfeffer, Salz. Enthält SULFITE.",1565,369,"0,4","0,4","88,9","82,2","0,4","0,11",https://www.edeka24.de/Lebensmittel/Sossen/Senf-Meerrettich/Wolfram-Berge-Tessiner-Senfsauce-Feige-200ML.html,https://www.edeka24.de/out/pictures/generated/product/1/540_540_90/wolfram_berge_tessiner_senfsauce_feige_200ml.jpg
2049,Lebensmittel,Soßen,Senf-Meerrettich,Löwensenf Senf medium würzig 250ML,"1,99 €","7,96 €/l","inkl. MwSt., zzgl. 4.95 € Versandkosten.",lieferbar innerhalb von 2-5 Werktagen,2023-05-03 00:50:59.970380,-,,"Verantwortliches Lebensmittelunternehmen:
Düsseldorfer Löwensenf GmbH, D-40468 Düsseldorf","Zutatenverzeichnis: Trinkwasser, SENFSAAT, Branntweinessig, Salz, Zucker, Gewürze.",137,569,"8,2","1,1","4,8","4,5","6,8","5,2",https://www.edeka24.de/Lebensmittel/Sossen/Senf-Meerrettich/Loewensenf-Senf-medium-wuerzig-250ML.html,https://www.edeka24.de/out/pictures/generated/product/1/540_540_90/lwensenfmedium.jpg
2050,Lebensmittel,Soßen,Senf-Meerrettich,De Cesare Balsamico Senf 200G,"2,49 €","12,45 €/kg","inkl. MwSt., zzgl. 4.95 € Versandkosten.",lieferbar innerhalb von 2-5 Werktagen,2023-05-03 00:51:03.431720,Edel würziger Balsamicosenf,Hinweis zur Aufbewahrung: Nach dem Öffnen kühl lagern.,"Verantwortliches Lebensmittelunternehmen:
Ed. Haas Austria GmbH, A-4050 Traun","Zutatenverzeichnis: Wasser, SENFSAAT, Aceto Balsamico di Modena I.G.P.(16%, Weinessig, Traubenmost, Farbstoff: Zuckerkulör, Antioxidationsmittel: SCHWEFELDIOXID), Zucker, Rotweinessig, Salz, Gewürze.",161,675,"5,4","0,3","20,9","14,5","4,6","1,8",https://www.edeka24.de/Lebensmittel/Sossen/Senf-Meerrettich/De-Cesare-Balsamico-Senf-200G.html,https://www.edeka24.de/out/pictures/generated/product/1/540_540_90/de_cesare_balsamico_senf.jpg
2051,Lebensmittel,Soßen,Senf-Meerrettich,Maille Dijon Senf Originale 235ML,"3,79 €","16,13 €/l","inkl. MwSt., zzgl. 4.95 € Versandkosten.",lieferbar innerhalb von 2-5 Werktagen,2023-05-03 00:51:06.757533,Dijon Senf,Hinweis zur Aufbewahrung: Nach dem Öffnen im Kühlschrank aufbewahren und innerhalb von 3 Monaten verbrauchen.,"Verantwortliches Lebensmittelunternehmen:
AMORA MAILLE SI, ZI de La Norge, Chevigny Saint-Sauveur, 21800 Quetigny","Zutatenverzeichnis: Wasser, SENFKÖRNER, Branntweinessig, Salz, Säuerungsmittel: Citronensäure, Konservierungsstoff: KALIUMMETABISULFIT.",631,151,11,"0,6","3,5","1,9",7,"4,9",https://www.edeka24.de/Lebensmittel/Sossen/Senf-Meerrettich/Maille-Dijon-Senf-Originale-235ML.html,https://www.edeka24.de/out/pictures/generated/product/1/540_540_90/maille_dijon_senf_original_235ml.jpg
2052,Lebensmittel,Soßen,Senf-Meerrettich,Alnatura Bio Süßer Senf 190G,"1,79 €","9,42 €/kg","inkl. MwSt., zzgl. 4.95 € Versandkosten.",lieferbar innerhalb von 2-5 Werktagen,2023-05-03 00:51:10.208927,-,Hinweis zur Aufbewahrung: Nach dem Öffnen im Kühlschrank aufbewahren.,"Verantwortliches Lebensmittelunternehmen:
Alnatura GmbH, Mahatma-Gandhi-Straße 7, 64295 Darmstadt","Zutatenverzeichnis: Rohrohrzucker*, Wasser, SENFKÖRNER* 24 %, Branntweinessig*, Glukosesirup*, Speisesalz. Kann Spuren von GLUTEN enthalten. * aus biologischer Landwirtschaft",1060,252,8,"0,6",36,34,"7,4","1,8",https://www.edeka24.de/Lebensmittel/Sossen/Senf-Meerrettich/Alnatura-Bio-Suesser-Senf-190G.html,https://www.edeka24.de/out/pictures/generated/product/1/540_540_90/bio_alnatura_samp252amp223er_senf_190g.jpg
2053,Lebensmittel,Soßen,Senf-Meerrettich,Wolfram Berge Tessiner Senfsauce Rote Feige 200ML,"6,99 €","34,95 €/l","inkl. MwSt., zzgl. 4.95 € Versandkosten.",lieferbar innerhalb von 2-5 Werktagen,2023-05-03 00:51:13.849766,Feinkostsauce aus pürierten kandierten Feigen mit fein-scharfem Senfgeschmack.,"Hinweis zur Aufbewahrung: Ideal zu Käse, geräucherter Forelle, Aal, zum klassischen Schmorbraten oder Wildgerichten. Vor dem Verzehr gut umrühren und nach dem Öffnen kühl aufbewahren.","Verantwortliches Lebensmittelunternehmen:
Wolfram Berge Delikatessen GmbH & Co. KG, Alfred-Nobel-Str. 1, D-51588 Nümbrecht","Zutatenverzeichnis: Zutaten: 55% Pürierte kandierte Feigen (50% Feigen, Zucker, Glukosesirup, Wasser), Zucker, Wasser, Glukosesirup, 6% Feigenzubereitung (66% Feigen, Zucker), färbendes Holunderbeersaftkonzentrat, natürliches Feigenaroma, Allylsenföl. Enthält SULFITE.",349,1481,"0,3","0,3","84,8","79,6","0,5","0,08",https://www.edeka24.de/Lebensmittel/Sossen/Senf-Meerrettich/Wolfram-Berge-Tessiner-Senfsauce-Rote-Feige-200ML.html,https://www.edeka24.de/out/pictures/generated/product/1/540_540_90/wolfram_berge_tessiner_senfsauce_rote_feige_200ml.jpg
2054,Lebensmittel,Soßen,Senf-Meerrettich,Byodo Bio mittelscharfer Senf der feine Klassiker 200ML,"2,29 €","11,45 €/l","inkl. MwSt., zzgl. 4.95 € Versandkosten.",lieferbar innerhalb von 2-5 Werktagen,2023-05-03 00:51:17.299092,Mittelscharfer Senf aus kontrolliert biologischem Anbau.,,"Verantwortliches Lebensmittelunternehmen:
Byodo Naturkost GmbH, D-84453 Mühldorf","Zutatenverzeichnis: Zutaten: Wasser, Gelbsenfsaat*, Branntweinessig*, Steinsalz, BRAUNSENFSAAT*, Gewürze*. * = Zutaten aus ökol. Landbau",414,100,"6,0","0,8","1,4","1,1","6,0","3,9",https://www.edeka24.de/Lebensmittel/Sossen/Senf-Meerrettich/Byodo-Bio-mittelscharfer-Senf-der-feine-Klassiker-200ML.html,https://www.edeka24.de/out/pictures/generated/product/1/540_540_90/byodomittelsenf.jpg
2055,Lebensmittel,Soßen,Senf-Meerrettich,Steck Bio Senf mittelscharf 100ML,"1,99 €","19,90 €/l","inkl. MwSt., zzgl. 4.95 € Versandkosten.",lieferbar innerhalb von 2-5 Werktagen,2023-05-03 00:51:25.673208,-,,"Verantwortliches Lebensmittelunternehmen:
Gebr. Steck GmbH, Neustadtstraße 11 79677 Schönau","Zutatenverzeichnis: Wasser, Gelb-SENFSAATEN*, Branntweinessig*, Roh-Rohrzucker*, Meersalz, roter Traubenessig*, Apfelessig*, Braun-SENFSAATEN*, Gewürze*. *aus kontrolliert ökologischen Anbau",463,111,"6,1","0,4","6,7","5,5","5,7","3,5",https://www.edeka24.de/Lebensmittel/Sossen/Senf-Meerrettich/Steck-Bio-Senf-mittelscharf-100ML.html,https://www.edeka24.de/out/pictures/generated/product/1/540_540_90/steck_bio_senf_mittelscharf_100_ml.jpg
2056,Lebensmittel,Soßen,Soßen zum Anrühren,Maggi Rahm-Sauce zu Braten ergibt 2x 250ML,"1,69 €","3,38 €/l","inkl. MwSt., zzgl. 4.95 € Versandkosten.",lieferbar innerhalb von 2-5 Werktagen,2023-05-03 00:51:31.866265,-,,"Verantwortliches Lebensmittelunternehmen:
Maggi GmbH, Lyoner Str. 23, D-60528 Frankfurt","Zutatenverzeichnis: WEIZENMEHL*, 22,5% SAHNEPULVER*, Kartoffelstärke*, Reismehl*, Hefeextrakt, Jodsalz (Salz, Kaliumjodat), Gewürze* (4,4% Zwiebeln, weißer Pfeffer, Knoblauchpulver), natürliche Aromen* (mit WEIZEN), Karamellzucker*, Zucker*, Würze* (aus WEIZEN), Salz*, Sonnenblumenöl*, Paprikaöl*. Kann EIER, SENF, SOJA und SELLERIE enthalten. *Natürliche Zutaten.",224,53,"2,3","1,6","6,4","1,3","1,6","1,2",https://www.edeka24.de/index.php?cl=details&anid=g0p49902157e15a83.56364540&emcs0=3&emcs1=Kategorieseite%20-%20Topseller&emcs2=&emcs3=130030001,https://www.edeka24.de/out/pictures/generated/product/1/540_540_90/maggi_rahmsauce_zu_braten_ergibt_2x_250ml.jpg
2057,Lebensmittel,Soßen,Soßen zum Anrühren,Maggi Sauce zu Sauerbraten ergibt 2x 250ML,"1,69 €","3,38 €/l","inkl. MwSt., zzgl. 4.95 € Versandkosten.",lieferbar innerhalb von 2-5 Werktagen,2023-05-03 00:51:37.350295,-,,"Verantwortliches Lebensmittelunternehmen:
Maggi GmbH, Lyoner Str. 23, D-60528 Frankfurt","Zutatenverzeichnis: Kartoffelstärke*, WEIZENMEHL*, Zucker*, Jodsalz (Salz, Kaliumjodat), Hefeextrakt, Zwiebeln*, Karamellzucker*, natürliche Aromen* (mit WEIZEN), 1,8% Tomaten*, Gewürze*, SELLERIE*, Kräuter*, Sonnenblumenöl*, Würze* (aus WEIZEN), Salz*, Säuerungsmittel Citronensäure*. Kann EIER, MILCH, SENF und SOJA enthalten. *Natürliche Zutaten.",125,29,"0,2","0,1",6,2,"0,8","1,1",https://www.edeka24.de/index.php?cl=details&anid=a3Rc4PaWrzamXKhGWBzBEd-1&emcs0=3&emcs1=Kategorieseite%20-%20Topseller&emcs2=&emcs3=3031531002,https://www.edeka24.de/out/pictures/generated/product/1/540_540_90/maggi_sauce_zu_sauerbraten_ergibt_2x_250ml.jpg
2058,Lebensmittel,Soßen,Soßen zum Anrühren,Maggi Delikatess Sauce zu Braten ergibt 3x 250ML,"1,39 €","1,85 €/l","inkl. MwSt., zzgl. 4.95 € Versandkosten.",lieferbar innerhalb von 2-5 Werktagen,2023-05-03 00:51:42.107014,-,,"Verantwortliches Lebensmittelunternehmen:
Maggi GmbH, Lyoner Str. 23, D-60528 Frankfurt","Zutatenverzeichnis: Jodsalz (Salz, Kaliumjodat), Reismehl, Stärke, Palmfett, Aromen (mit GERSTE), WEIZENMEHL, Hefeextrakt, Karamellzucker, Zucker, 3,5% Tomatenpulver, Verdickungsmittel Guarkernmehl, Gewürze, 2,4% Zwiebeln, Maltodextrin, Säuerungsmittel Citronensäure. Kann SELLERIE, EIER, MILCH, SENF und SOJA enthalten.",111,26,"0,9","0,5","3,7","0,6","0,7","1,4",https://www.edeka24.de/index.php?cl=details&anid=7kr49d093b5a59828.44025566&emcs0=3&emcs1=Kategorieseite%20-%20Topseller&emcs2=&emcs3=3031514007,https://www.edeka24.de/out/pictures/generated/product/1/540_540_90/maggi_delikatess_sauce_zu_braten_ergibt_3x_250ml.jpg
2059,Lebensmittel,Soßen,Soßen zum Anrühren,Maggi Curry Sauce ergibt 2x 250ML,"1,69 €","3,38 €/l","inkl. MwSt., zzgl. 4.95 € Versandkosten.",lieferbar innerhalb von 2-5 Werktagen,2023-05-03 00:51:47.561104,-,,"Verantwortliches Lebensmittelunternehmen:
Maggi GmbH, Lyoner Str. 23, D-60528 Frankfurt","Zutatenverzeichnis: Stärke*, WEIZENMEHL*, Sonnenblumenöl*, 10,8% Curry* (2,7% Kurkuma, Koriander, Salz, SENFKÖRNER, Kümmel, SELLERIE, Chili, Bockshornklee, Pfeffer, Liebstöckel, Kardamom, Ingwer, Paprika, Kreuzkümmel, Lorbeer, Dill, Knoblauch, Zwiebeln), Zucker*, Jodsalz (Salz, Kaliumjodat), Hefeextrakt, MILCHEIWEISSERZEUGNIS*, MILCHZUCKER*, Gewürze*, natürliches Aroma*, Säuerungsmittel (Citronensäure)*. Kann EIER und SOJA enthalten. *Natürliche Zutaten.",186,44,"1,6","0,2","6,2","1,5","1,1",1,https://www.edeka24.de/index.php?cl=details&anid=uhm4b434551569cd3.48705444&emcs0=3&emcs1=Kategorieseite%20-%20Topseller&emcs2=&emcs3=3031504000,https://www.edeka24.de/out/pictures/generated/product/1/540_540_90/maggi_currysauce_ergibt_2x_250ml.jpg
2060,Lebensmittel,Soßen,Soßen zum Anrühren,"Maggi Rahmsauce zu Braten ergibt 1,5L","3,49 €","2,33 €/l","inkl. MwSt., zzgl. 4.95 € Versandkosten.",lieferbar innerhalb von 2-5 Werktagen,2023-05-03 00:51:54.819358,-,Hinweis zur Aufbewahrung: Trocken lagern und vor Wärme schützen.,"Verantwortliches Lebensmittelunternehmen:
Maggi GmbH, Julius-Bührer-Strasse 8, 78224 Singen","Zutatenverzeichnis: WEIZENMEHL*, 22,5% SAHNEPULVER*, Kartoffelstärke*, Reismehl*, Hefeextrakt, Jodsalz (Salz, Kaliumjodat), Gewürze* (4,4% Zwiebeln, weißer Pfeffer, Knoblauchpulver), natürliche Aromen* (mit WEIZEN), Karamellzucker*, Zucker*, Würze* (aus WEIZEN), Salz, Sonnenblumenöl*, Paprikaöl*. Kann EIER, SENF, SOJA und SELLERIE enthalten. *natürliche Zutaten",224,53,"2,3","1,6","6,4","1,3","1,6","1,2",https://www.edeka24.de/index.php?cl=details&anid=avq49d4b068a3a307.17051445&emcs0=3&emcs1=Kategorieseite%20-%20Topseller&emcs2=&emcs3=536117001,https://www.edeka24.de/out/pictures/generated/product/1/540_540_90/maggi_rahmsauce_zu_braten_ergibt_15l.jpg
2061,Lebensmittel,Soßen,Soßen zum Anrühren,Knorr Feinschmecker Champignon Sauce ergibt 250ML,"0,90 €","3,60 €/l","inkl. MwSt., zzgl. 4.95 € Versandkosten.",lieferbar innerhalb von 2-5 Werktagen,2023-05-03 00:51:59.684476,-,,"Verantwortliches Lebensmittelunternehmen:
Unilever Deutschland, Postfach 570 237, 22771 Hamburg","Zutatenverzeichnis: Palmöl, WEIZENMEHL, Stärke, 6,2% Champignons², Glukosesirup, Aromen, MILCHEIWEISS, Speisesalz, Würze, Zucker, jodiertes Speisesalz, Champignonsaftkonzentrat², Zwiebeln², Hefeextrakt , Karamellzuckersirup, GERSTENMALZEXTRAKT, Maltodextrin, Petersilienwurzelpulver², Kurkuma. Kann SELLERIE, EI, andere GLUTENHALTIGE GETREIDE, SENF und SOJA enthalten. ²aus nachhaltigem Anbau.",277,65,"4,3","2,5","5,2","0,5","1,3","0,8",https://www.edeka24.de/Lebensmittel/Sossen/Sossen-zum-Anruehren/Knorr-Feinschmecker-Champignon-Sauce-ergibt-250ML.html,https://www.edeka24.de/out/pictures/generated/product/1/540_540_90/knorr_feinschmecker_champignon_sauce_37g.jpg
2062,Lebensmittel,Soßen,Soßen zum Anrühren,Knorr Klare Bratensaft Basis 235G,"3,29 €","14,00 €/kg","inkl. MwSt., zzgl. 4.95 € Versandkosten.",lieferbar innerhalb von 2-5 Werktagen,2023-05-03 00:52:03.735509,Knorr Klare Bratensaft Basis,Hinweis zur Aufbewahrung: Mindestens haltbar bis Ende: siehe Bodenstempel,"Verantwortliches Lebensmittelunternehmen:
Unilever Deutschland, Postfach 570 237, 22771 Hamburg","Zutatenverzeichnis: Kartoffelstärke, pflanzliche Öle (Palm, Sonnenblumen), jodiertes Speisesalz, Maltodextrin, Hefeextrakt, 6,2% Rindfleischpulver, Aromen, Zucker, Tomatenpulver³, Farbstoff (Ammoniak-Zuckerkulör), Gewürze (Paprika, Knoblauch³, Pfeffer), Petersilienwurzelpulver³, Speisesalz, Sojasauce (SOJABOHNEN, WEIZEN), Säuerungsmittel (Citronensäure), Zwiebelsaftkonzentrat³. Kann Spuren von MILCH, EI, SELLERIE und SENF enthalten. ³Aus nachhaltigem Anbau.",183,44,"2,3","1,3","4,6","0,9","1,2","1,7",https://www.edeka24.de/Lebensmittel/Sossen/Sossen-zum-Anruehren/Knorr-Klare-Bratensaft-Basis-235G.html,https://www.edeka24.de/out/pictures/generated/product/1/540_540_90/knorr_klare_bratensaft_basis_famp252r_25l_235g.jpg
2063,Lebensmittel,Soßen,Soßen zum Anrühren,Knorr Spaghetteria Sauce Quattro Formaggi ergibt 250ML,"1,09 €","4,36 €/l","inkl. MwSt., zzgl. 4.95 € Versandkosten.",lieferbar innerhalb von 2-5 Werktagen,2023-05-03 00:52:07.292245,Käsesauce mit Basilikum,,"Verantwortliches Lebensmittelunternehmen:
Unilever Deutschland, Postfach 570 237, 22771 Hamburg","Zutatenverzeichnis: Palmöl, 18% Schmelzkäsepulver (BLAUSCHIMMELKÄSE, Mozzarella-KÄSE, HARTKÄSE, Crescenza-KÄSE, KÄSE, MOLKENERZEUGNIS), WEIZENMEHL, Stärke, Gemüsemaispulver², Maltodextrin, jodiertes Speisesalz, Glukosesirup, MILCHEIWEISS, Zwiebeln², Speisesalz, Zucker, Würze, Hefeextrakt, Weißweinextrakt, Kräuter² (Basilikum, Schnittlauch), Gewürze (Pfeffer, Petersilienwurzel², Kurkuma), Aromen. Kann SELLERIE, EI, SENF, andere GLUTENHALTIGE GETREIDE und SOJA enthalten. ²aus nachhaltigem Anbau.",440,106,"7,1","4,4","8,1","0,8","2,2","1,3",https://www.edeka24.de/Lebensmittel/Sossen/Sossen-zum-Anruehren/Knorr-Spaghetteria-Sauce-Quattro-Formaggi-ergibt-250ML.html,https://www.edeka24.de/out/pictures/generated/product/1/540_540_90/knorr_spaghetteria_sauce_quattro_formaggi_50g.jpg
2064,Lebensmittel,Soßen,Soßen zum Anrühren,Maggi Delikatess Sauce zu Braten ergibt 3x 250ML,"1,39 €","1,85 €/l","inkl. MwSt., zzgl. 4.95 € Versandkosten.",lieferbar innerhalb von 2-5 Werktagen,2023-05-03 00:52:10.345080,-,,"Verantwortliches Lebensmittelunternehmen:
Maggi GmbH, Lyoner Str. 23, D-60528 Frankfurt","Zutatenverzeichnis: Jodsalz (Salz, Kaliumjodat), Reismehl, Stärke, Palmfett, Aromen (mit GERSTE), WEIZENMEHL, Hefeextrakt, Karamellzucker, Zucker, 3,5% Tomatenpulver, Verdickungsmittel Guarkernmehl, Gewürze, 2,4% Zwiebeln, Maltodextrin, Säuerungsmittel Citronensäure. Kann SELLERIE, EIER, MILCH, SENF und SOJA enthalten.",111,26,"0,9","0,5","3,7","0,6","0,7","1,4",https://www.edeka24.de/Lebensmittel/Sossen/Sossen-zum-Anruehren/Maggi-Delikatess-Sauce-zu-Braten-ergibt-3x-250ML.html,https://www.edeka24.de/out/pictures/generated/product/1/540_540_90/maggi_delikatess_sauce_zu_braten_ergibt_3x_250ml.jpg
2065,Lebensmittel,Soßen,Soßen zum Anrühren,Maggi Curry Sauce ergibt 2x 250ML,"1,69 €","3,38 €/l","inkl. MwSt., zzgl. 4.95 € Versandkosten.",lieferbar innerhalb von 2-5 Werktagen,2023-05-03 00:52:13.760334,-,,"Verantwortliches Lebensmittelunternehmen:
Maggi GmbH, Lyoner Str. 23, D-60528 Frankfurt","Zutatenverzeichnis: Stärke*, WEIZENMEHL*, Sonnenblumenöl*, 10,8% Curry* (2,7% Kurkuma, Koriander, Salz, SENFKÖRNER, Kümmel, SELLERIE, Chili, Bockshornklee, Pfeffer, Liebstöckel, Kardamom, Ingwer, Paprika, Kreuzkümmel, Lorbeer, Dill, Knoblauch, Zwiebeln), Zucker*, Jodsalz (Salz, Kaliumjodat), Hefeextrakt, MILCHEIWEISSERZEUGNIS*, MILCHZUCKER*, Gewürze*, natürliches Aroma*, Säuerungsmittel (Citronensäure)*. Kann EIER und SOJA enthalten. *Natürliche Zutaten.",186,44,"1,6","0,2","6,2","1,5","1,1",1,https://www.edeka24.de/Lebensmittel/Sossen/Sossen-zum-Anruehren/Maggi-Curry-Sauce-ergibt-2x-250ML.html,https://www.edeka24.de/out/pictures/generated/product/1/540_540_90/maggi_currysauce_ergibt_2x_250ml.jpg
2066,Lebensmittel,Soßen,Soßen zum Anrühren,Maggi Rahm-Sauce zu Braten ergibt 2x 250ML,"1,69 €","3,38 €/l","inkl. MwSt., zzgl. 4.95 € Versandkosten.",lieferbar innerhalb von 2-5 Werktagen,2023-05-03 00:52:17.382962,-,,"Verantwortliches Lebensmittelunternehmen:
Maggi GmbH, Lyoner Str. 23, D-60528 Frankfurt","Zutatenverzeichnis: WEIZENMEHL*, 22,5% SAHNEPULVER*, Kartoffelstärke*, Reismehl*, Hefeextrakt, Jodsalz (Salz, Kaliumjodat), Gewürze* (4,4% Zwiebeln, weißer Pfeffer, Knoblauchpulver), natürliche Aromen* (mit WEIZEN), Karamellzucker*, Zucker*, Würze* (aus WEIZEN), Salz*, Sonnenblumenöl*, Paprikaöl*. Kann EIER, SENF, SOJA und SELLERIE enthalten. *Natürliche Zutaten.",224,53,"2,3","1,6","6,4","1,3","1,6","1,2",https://www.edeka24.de/Lebensmittel/Sossen/Sossen-zum-Anruehren/Maggi-Rahm-Sauce-zu-Braten-ergibt-2x-250ML.html,https://www.edeka24.de/out/pictures/generated/product/1/540_540_90/maggi_rahmsauce_zu_braten_ergibt_2x_250ml.jpg
2067,Lebensmittel,Soßen,Soßen zum Anrühren,Maggi Tomaten Sauce ergibt 2x 250ML,"1,69 €","3,38 €/l","inkl. MwSt., zzgl. 4.95 € Versandkosten.",lieferbar innerhalb von 2-5 Werktagen,2023-05-03 00:52:21.312402,-,,"Verantwortliches Lebensmittelunternehmen:
Maggi GmbH, Lyoner Str. 23, D-60528 Frankfurt","Zutatenverzeichnis: 34,5% Tomatenpulver*, Kartoffelstärke*, WEIZENMEHL*, Zucker*, Jodsalz (Salz, Kaliumjodat), Hefeextrakt, Tomatenaroma, Gewürze* (2,1% Zwiebeln, Knoblauchpulver), geräucherter Speck* (Speck, Salz, Rauch), natürliche Aromen*, Säuerungsmittel Citronensäure*, Kräuter*. Kann SELLERIE, EIER, MILCH, SENF und SOJA enthalten. *Natürliche Zutaten.",189,45,"0,3","0,1","8,6","3,8","1,3","1,1",https://www.edeka24.de/Lebensmittel/Sossen/Sossen-zum-Anruehren/Maggi-Tomaten-Sauce-ergibt-2x-250ML.html,https://www.edeka24.de/out/pictures/generated/product/1/540_540_90/maggi_tomatensauce_ergibt_2x_250ml.jpg
2068,Lebensmittel,Soßen,Soßen zum Anrühren,Knorr Spaghetteria Sauce Parmarosa Tomaten & Käse ergibt 250ML,"1,09 €","4,36 €/l","inkl. MwSt., zzgl. 4.95 € Versandkosten.",lieferbar innerhalb von 2-5 Werktagen,2023-05-03 00:52:24.724502,-,,"Verantwortliches Lebensmittelunternehmen:
Unilever Deutschland, Postfach 57 05 50, 22774 Hamburg","Zutatenverzeichnis: 31% Tomaten (Pulver, Stücke), Palmöl, WEIZENMEHL, 14% Schmelzkäsepulver (BLAUSCHIMMELKÄSE, HARTKÄSE, Crescenca-KÄSE, MOLKENERZEUGNIS), Zucker, jodiertes Speisesalz, Stärke, MILCHZUCKER, Kräuter (Oregano, Basilikum, Majoran, Thymian, Rosmarin), MILCHEIWEISS, Zwiebeln, Gewürze (Knoblauch, Pfeffer). Kann SELLERIE, SENF, SOJA, EI und andere GLUTENHALTIGE GETREIDE enthalten.",420,100,"5,2",3,10,"5,8","2,4","1,4",https://www.edeka24.de/Lebensmittel/Sossen/Sossen-zum-Anruehren/Knorr-Spaghetteria-Sauce-Parmarosa-Tomaten-Kaese-ergibt-250ML.html,https://www.edeka24.de/out/pictures/generated/product/1/540_540_90/knorr_spaghetteria_sauce_parmarosa_tomaten_amp_kse_56g(1).jpg
2069,Lebensmittel,Soßen,Soßen zum Anrühren,Knorr Rahm Soße für 2x 250ML 68G,"1,39 €","20,44 €/kg","inkl. MwSt., zzgl. 4.95 € Versandkosten.",lieferbar innerhalb von 2-5 Werktagen,2023-05-03 00:52:28.264968,Rahm Soße,,"Verantwortliches Lebensmittelunternehmen:
Unilever Deutschland, Postfach 570550, 22774 Hamburg","Zutatenverzeichnis: Stärke, 20% SAHNEPULVER, MILCHZUCKER, Aromen, Palmöl, jodiertes Speisesalz, Hefeextrakt, MAGERMILCHPULVER, Tomatenpulver¹, Maltodextrin, Glukosesirup, Speisesalz, Karamellzuckersirup, Champignonsaftkonzentrat¹, Röstzwiebelpulver¹, MILCHEIWEISS, Säuerungsmittel (Citronensäure), Farbstoff (Paprikaextrakt), Petersilienwurzel¹. Kann GLUTENHALTIGE GETREIDE, EI, SOJA, SELLERIE und SENF enthalten. ¹aus nachhaltigem Anbau.",259,62,3,"1,9","7,5","3,4","1,1","1,1",https://www.edeka24.de/Lebensmittel/Sossen/Sossen-zum-Anruehren/Knorr-Rahm-Sosse-fuer-2x-250ML-68G.html,https://www.edeka24.de/out/pictures/generated/product/1/540_540_90/knorr_rahm_soamp223e_famp252r_2x250ml_68g.jpg
2070,Lebensmittel,Soßen,Soßen zum Anrühren,Knorr Helle Soße 3x 28G,"1,39 €","16,55 €/kg","inkl. MwSt., zzgl. 4.95 € Versandkosten.",lieferbar innerhalb von 2-5 Werktagen,2023-05-03 00:52:33.098098,-,,"Verantwortliches Lebensmittelunternehmen:
Unilever Deutschland, Postfach 570 237, 22771 Hamburg","Zutatenverzeichnis: Stärken (Kartoffelstärke, Erbsenstärke), Palmöl, MILCHZUCKER, Maltodextrin, jodiertes Speisesalz, getrockneter Glukosesirup, Zucker, Reismehl, MILCHEIWEISS, Speisesalz, Zwiebelpulver¹, Champignonsaftkonzentrat¹, Zitronensaftpulver¹, Aromen (mit GERSTE), Hefeextrakt, Gewürze (Curcuma, Petersilienwurzel¹), Dextrose. ¹Aus nachhaltigem Anbau. Kann Spuren von EI, SELLERIE und SENF enthalten.",50,210,"2,2","1,3","7,3","1,4","0,5","0,88",https://www.edeka24.de/Lebensmittel/Sossen/Sossen-zum-Anruehren/Knorr-Helle-Sosse-3x-28G.html,https://www.edeka24.de/out/pictures/generated/product/1/540_540_90/knorr_helle_sosse_f3x250ml84g.jpg
2071,Lebensmittel,Soßen,Soßen zum Anrühren,Knorr Rahmsoße 238G,"3,29 €","13,82 €/kg","inkl. MwSt., zzgl. 4.95 € Versandkosten.",lieferbar innerhalb von 2-5 Werktagen,2023-05-03 00:52:36.807269,"ergibt 1,75 Liter",,"Verantwortliches Lebensmittelunternehmen:
Unilever Deutschland Holding GmbH, Am Strandkai 1 , D-20457 Hamburg","Zutatenverzeichnis: Stärke, MILCHZUCKER, 20% SAHNEPULVER, Palmöl, Geschmacksverstärker (Mononatriumglutamat, Dinatriumguanylat, Dinatriuminosinat), jodiertes Speisesalz, Kochsalzersatz³, Speisesalz, Tomatenpulver, Aromen, MILCHEIWEISS, Farbstoffe (Ammoniak-Zuckerkulör, Paprikaextrakt), Maltodextrin, Säuerungsmittel Citronensäure, geröstetes Zwiebelpulver, Champignonsaftkonzentrat, Hefeextrakt, Petersilienwurzel. ³gewonnen aus natürlichen Kaliummineralien Kann Spuren von GLUTEN, EI, SELLERIE und SENF enthalten.",256,61,"2,9","1,9","7,6","3,5",1,"0,98",https://www.edeka24.de/Lebensmittel/Sossen/Sossen-zum-Anruehren/Knorr-Rahmsosse-238G.html,https://www.edeka24.de/out/pictures/generated/product/1/540_540_90/knorrrahmsoe175liter.jpg
2072,Lebensmittel,Soßen,Soßen zum Anrühren,Knorr Jäger Soße ergibt 2x 250ML 46G,"1,39 €","30,22 €/kg","inkl. MwSt., zzgl. 4.95 € Versandkosten.",lieferbar innerhalb von 2-5 Werktagen,2023-05-03 00:52:41.084873,Jäger Soße,,"Verantwortliches Lebensmittelunternehmen:
Unilever Deutschland, Postfach 57 05 50, 22774 Hamburg","Zutatenverzeichnis: Stärke, WEIZENMEHL, Aromen, Palmöl, Zucker, 3,9% geräuchertes Speckfett (Speck, Antioxidationsmittel (Extrakt aus Rosmarin), Rauch), 3,4% Knoblauch², jodiertes Speisesalz, 3% Champignons², Kochsalzersatz³, Paprika², Speisesalz, Farbstoff (Ammoniak-Zuckerkulör), Butterpilzpulver, Champignonsaftkonzentrat², Hefeextrakt, Petersilie², Glukosesirup, Steinpilzpulver², Säuerungsmittel (Citronensäure), MILCHEIWEISS, Petersilienwurzel², Raucharoma. Kann EI, SELLERIE, SENF, SOJA und andere GLUTENHALTIGE GETREIDE enthalten. ²aus nachhaltigem Anbau. ³gewonnen aus natürlichen Kaliummineralien.",148,35,"1,3","0,8","5,1","0,8","0,9","0,95",https://www.edeka24.de/Lebensmittel/Sossen/Sossen-zum-Anruehren/Knorr-Jaeger-Sosse-ergibt-2x-250ML-46G.html,https://www.edeka24.de/out/pictures/generated/product/1/540_540_90/knorr_jamp228ger_soamp223e_famp252r_2x250ml_46g.jpg
2073,Lebensmittel,Soßen,Soßen zum Anrühren,Maggi Delikatess Sauce zu Braten ergibt 3L,"3,49 €","1,16 €/l","inkl. MwSt., zzgl. 4.95 € Versandkosten.",lieferbar innerhalb von 2-5 Werktagen,2023-05-03 00:52:44.095086,-,Hinweis zur Aufbewahrung: Trocken lagern und vor Wärme schützen.,"Verantwortliches Lebensmittelunternehmen:
Maggi GmbH, Julius-Bührer-Strasse 8, 78224 Singen","Zutatenverzeichnis: Jodsalz (Salz, Kaliumjodat), Reismehl, Stärke, Palmfett, Aromen (mit GERSTE), WEIZENMEHL, Hefeextrakt, Gewürze, Karamellzucker, Zucker, 3,5% Tomaten, Verdickungsmittel Guarkernmehl, Maltodextrin, Säuerungsmittel Citronensäure. Kann SELLERIE, EIER, MILCH, SENF und SOJA enthalten.",111,26,"0,9","0,5","3,7","0,6","0,7","1,4",https://www.edeka24.de/Lebensmittel/Sossen/Sossen-zum-Anruehren/Maggi-Delikatess-Sauce-zu-Braten-ergibt-3L.html,https://www.edeka24.de/out/pictures/generated/product/1/540_540_90/maggi_delikatess_sauce_zu_braten_ergibt_3l.jpg
2074,Lebensmittel,Soßen,Soßen zum Anrühren,Maggi Pfeffer Sauce ergibt 2x 250ML,"1,69 €","3,38 €/l","inkl. MwSt., zzgl. 4.95 € Versandkosten.",lieferbar innerhalb von 2-5 Werktagen,2023-05-03 00:52:47.066839,Pfeffersauce,,"Verantwortliches Lebensmittelunternehmen:
Maggi GmbH, Julius-Bührer-Straße 8, 78224 Singen","Zutatenverzeichnis: Kartoffelstärke*, WEIZENMEHL*, Jodsalz (Salz, Kaliumjodat), Gewürze* (Zwiebeln, 2,8% Pfeffer, Piment, Knoblauch, Paprika), Zucker*, Hefeextrakt, natürliche Aromen* (mit WEIZEN), Tomatenpulver*, Karamellzucker*, MILCHEIWEISSERZEUGNIS*, Speck, Sonnenblumenöl*, Säuerungsmittel Citronensäure*, Salz*. Kann SELLERIE, EIER, SENF und SOJA enthalten. *Natürliche Zutaten.",123,29,"0,2","0,1","5,6","1,3","0,9",1,https://www.edeka24.de/Lebensmittel/Sossen/Sossen-zum-Anruehren/Maggi-Pfeffer-Sauce-ergibt-2x-250ML.html,https://www.edeka24.de/out/pictures/generated/product/1/540_540_90/maggi_pfeffersauce_2st_famp252r_500ml.jpg
2075,Lebensmittel,Soßen,Soßen zum Anrühren,Knorr Feinschmecker Zitronen Butter Sauce ergibt 250ML,"1,09 €","4,36 €/l","inkl. MwSt., zzgl. 4.95 € Versandkosten.",lieferbar innerhalb von 2-5 Werktagen,2023-05-03 00:52:50.186019,-,,"Verantwortliches Lebensmittelunternehmen:
Unilever Deutschland, Postfach 570 237, 22771 Hamburg","Zutatenverzeichnis: 25% BUTTER getrocknet, Stärke, Palmöl, Maltodextrin, MAGERMILCHPULVER, Gemüsemaispulver2, Aromen (mit GERSTE), Zucker, jodiertes Speisesalz, Glukosesirup, 1% Zitronensaftpulver, Würze, MILCHEIWEISS, Hefeextrakt, Zwiebeln2, Weißweinextrakt, Kochsalzersatz3, Speisesalz, Kurkuma. Kann SELLERIE, EI, SENF, andere GLUTENHALTIGE GETREIDE, SOJA enthalten. 2aus nachhaltigem Anbau. 3gewonnen aus natürlichen Kaliummineralien.",469,112,"7,6","4,9","9,2","1,9","1,4","1,2",https://www.edeka24.de/Lebensmittel/Sossen/Sossen-zum-Anruehren/Knorr-Feinschmecker-Zitronen-Butter-Sauce-ergibt-250ML.html,https://www.edeka24.de/out/pictures/generated/product/1/540_540_90/knorr_feinschmecker_zitronen_butter_sauce_52g.jpg
2076,Lebensmittel,Soßen,Soßen zum Anrühren,Maggi Zwiebel-Sauce ergibt 2x 250ML,"1,69 €","3,38 €/l","inkl. MwSt., zzgl. 4.95 € Versandkosten.",lieferbar innerhalb von 2-5 Werktagen,2023-05-03 00:52:54.156548,-,,"Verantwortliches Lebensmittelunternehmen:
Maggi GmbH, Lyoner Str. 23, D-60528 Frankfurt","Zutatenverzeichnis: 32,6% Zwiebeln*, Kartoffelstärke*, Jodsalz (Salz, Kaliumjodat), MILCHZUCKER*, Hefeextrakt, Tomatenpulver*, Zucker*, natürliche Aromen* (mit WEIZEN), Gewürze* (weißer Pfeffer, Piment, Knoblauch, Paprika), SELLERIE*, Kräuter*, Sonnenblumenöl*, Karamellzucker*, Säuerungsmittel (Citronensäure)*, Aroma (mit WEIZEN). Kann EIER, MILCH, SENF und SOJA enthalten. *natürliche Zutaten",122,29,"0,1","0,1","5,6","2,4","0,8",1,https://www.edeka24.de/Lebensmittel/Sossen/Sossen-zum-Anruehren/Maggi-Zwiebel-Sauce-ergibt-2x-250ML.html,https://www.edeka24.de/out/pictures/generated/product/1/540_540_90/maggizwiebelsauce.jpg
2077,Lebensmittel,Soßen,Soßen zum Anrühren,Knorr Feinschmecker 3 Pfeffer Sauce ergibt 250ML,"1,09 €","4,36 €/l","inkl. MwSt., zzgl. 4.95 € Versandkosten.",lieferbar innerhalb von 2-5 Werktagen,2023-05-03 00:52:57.279052,-,,"Verantwortliches Lebensmittelunternehmen:
Unilever Deutschland, Postfach 570 237, 22771 Hamburg","Zutatenverzeichnis: Palmöl, Stärke, WEIZENMEHL, Maltodextrin, Aromen, Glukosesirup, jodiertes Speisesalz, 3% Pfeffermischung (grüner Pfeffer, schwarzer Pfeffer, rosa Pfeffer) Kochsalzersatz3, MILCHEIWEISS, Zucker, Karamellzuckersirup, Würze, Hefeextrakt, Speisesalz, Schnittlauch2. Kann SELLERIE, EI, SENF, andere GLUTENHALTIGE GETREIDE und SOJA enthalten. 2aus nachhaltigem Anbau. 3gewonnen aus natürlichen Kaliummineralien.",325,78,"4,5","2,8","8,3","0,6","0,9","0,99",https://www.edeka24.de/Lebensmittel/Sossen/Sossen-zum-Anruehren/Knorr-Feinschmecker-3-Pfeffer-Sauce-ergibt-250ML.html,https://www.edeka24.de/out/pictures/generated/product/1/540_540_90/knorr_feinschmecker_3_pfeffer_sauce_40g.jpg
2078,Lebensmittel,Soßen,Soßen zum Anrühren,Maggi Sauce zu Sauerbraten ergibt 2x 250ML,"1,69 €","3,38 €/l","inkl. MwSt., zzgl. 4.95 € Versandkosten.",lieferbar innerhalb von 2-5 Werktagen,2023-05-03 00:53:01.858473,-,,"Verantwortliches Lebensmittelunternehmen:
Maggi GmbH, Lyoner Str. 23, D-60528 Frankfurt","Zutatenverzeichnis: Kartoffelstärke*, WEIZENMEHL*, Zucker*, Jodsalz (Salz, Kaliumjodat), Hefeextrakt, Zwiebeln*, Karamellzucker*, natürliche Aromen* (mit WEIZEN), 1,8% Tomaten*, Gewürze*, SELLERIE*, Kräuter*, Sonnenblumenöl*, Würze* (aus WEIZEN), Salz*, Säuerungsmittel Citronensäure*. Kann EIER, MILCH, SENF und SOJA enthalten. *Natürliche Zutaten.",125,29,"0,2","0,1",6,2,"0,8","1,1",https://www.edeka24.de/Lebensmittel/Sossen/Sossen-zum-Anruehren/Maggi-Sauce-zu-Sauerbraten-ergibt-2x-250ML.html,https://www.edeka24.de/out/pictures/generated/product/1/540_540_90/maggi_sauce_zu_sauerbraten_ergibt_2x_250ml.jpg
2079,Lebensmittel,Soßen,Soßen zum Anrühren,Maggi Kräuter Sauce ergibt 2x 250ML,"1,69 €","3,38 €/l","inkl. MwSt., zzgl. 4.95 € Versandkosten.",lieferbar innerhalb von 2-5 Werktagen,2023-05-03 00:53:05.524132,-,,"Verantwortliches Lebensmittelunternehmen:
Maggi GmbH, Lyoner Str. 23, D-60528 Frankfurt","Zutatenverzeichnis: Kartoffelstärke*, Reismehl*, Jodsalz (Salz, Kaliumjodat), Sonnenblumenöl*, Hefeextrakt, Kräuter* (1,5% Dill, Petersilie, Kerbel), Gewürze*, Zucker*, natürliche Aromen* (mit WEIZEN), MILCHZUCKER*, MILCHEIWEISSERZEUGNIS*, Säuerungsmittel Citronensäure*, Aromen. Kann SELLERIE, EIER, SENF und SOJA enthalten. *Natürliche Zutaten.",116,27,"0,5","0,1","4,7","0,4","0,9","1,1",https://www.edeka24.de/Lebensmittel/Sossen/Sossen-zum-Anruehren/Maggi-Kraeuter-Sauce-ergibt-2x-250ML.html,https://www.edeka24.de/out/pictures/generated/product/1/540_540_90/maggi_krutersauce_ergibt_2x_250ml.jpg
2080,Lebensmittel,Soßen,Soßen zum Anrühren,Knorr Soße zum Braten ergibt 3x 250ML 69G,"1,39 €","20,14 €/kg","inkl. MwSt., zzgl. 4.95 € Versandkosten.",lieferbar innerhalb von 2-5 Werktagen,2023-05-03 00:53:09.649262,-,,"Verantwortliches Lebensmittelunternehmen:
Unilever Deutschland, Postfach 570 237, 22771 Hamburg","Zutatenverzeichnis: Reismehl, Stärke, MILCHZUCKER, Maltodextrin, jodiertes Speisesalz, Aromen, Hefeextrakt, Zucker, Speisesalz, Palmöl, Farbstoff (Ammoniak-Zuckerkulör), Gewürze (Paprika, Knoblauch², Petersilienwurzel²), Kochsalzersatz³, Gemüsesaftkonzentrate (SELLERIE², Karotte², Lauch², Zwiebel²). Kann EI, SENF, SOJA und GLUTENHALTIGE GETREIDE enthalten. ²aus nachhaltigem Anbau. ³gewonnen aus natürlichen Kaliummineralien.",29,124,"0,5","0,1","6,1","1,6","0,8","1,2",https://www.edeka24.de/Lebensmittel/Sossen/Sossen-zum-Anruehren/Knorr-Sosse-zum-Braten-ergibt-3x-250ML-69G.html,https://www.edeka24.de/out/pictures/generated/product/1/540_540_90/knorr_soe_zum_braten_ergibt_3x_250ml_69g.jpg
2081,Lebensmittel,Soßen,Soßen zum Anrühren,Knorr Tomaten Soße ergibt 2x 250ML 76G,"1,39 €","18,29 €/kg","inkl. MwSt., zzgl. 4.95 € Versandkosten.",lieferbar innerhalb von 2-5 Werktagen,2023-05-03 00:53:13.661324,Tomaten Soße,,"Verantwortliches Lebensmittelunternehmen:
Unilever Deutschland, Postfach 57 05 50, 22774 Hamburg","Zutatenverzeichnis: 31% Tomatenpulver², Palmöl, Stärke, Zucker, WEIZENMEHL, Zwiebelpulver², jodiertes Speisesalz, Hefeextrakt, Gewürze (Knoblauch², Petersilienwurzel²), Speisesalz, Kräuter (Oregano², Thymian²), Maltodextrin, Zitronensaftpulver, Aromen. Kann EI, MILCH, SELLERIE, SENF, SOJA, andere GLUTENHALTIGE GETREIDE enthalten. ²aus nachhaltigem Anbau.",269,64,"2,8","1,6","8,2","3,9","1,3","0,98",https://www.edeka24.de/Lebensmittel/Sossen/Sossen-zum-Anruehren/Knorr-Tomaten-Sosse-ergibt-2x-250ML-76G.html,https://www.edeka24.de/out/pictures/generated/product/1/540_540_90/knorr_tomaten_soamp223e_famp252r_2x250ml_76g.jpg
2082,Lebensmittel,Soßen,Soßen zum Anrühren,Maggi Für Genießer Käse Sahnesauce ergibt 250ML,"1,29 €","5,16 €/l","inkl. MwSt., zzgl. 4.95 € Versandkosten.",lieferbar innerhalb von 2-5 Werktagen,2023-05-03 00:53:17.681904,Zubereitung für Käse-Sahne-Sauce,,"Verantwortliches Lebensmittelunternehmen:
Maggi GmbH, Julius-Bührer-Strasse 8, 78224 Singen","Zutatenverzeichnis: Stärke, 22,8% KÄSE (KÄSE, CHEDDAR, MOZZARELLA), WEIZENMEHL, Palmfett, Jodsalz (Salz, Kaliumjodat), Hefeextrakt, MILCHZUCKER, natürliche Aromen (mit MILCH), MILCHEIWEISSERZEUGNIS, MOLKENERZEUGNIS, Weißweinextrakt, natürliches Pfefferaroma, Kurkuma, Zucker, Aromen (mit MILCH), Säuerungsmittel Citronensäure. Kann SELLERIE, EIER, SENF und SOJA enthalten.",491,117,"9,1","5,3","6,4","1,4","2,5","1,1",https://www.edeka24.de/Lebensmittel/Sossen/Sossen-zum-Anruehren/Maggi-Fuer-Geniesser-Kaese-Sahnesauce-ergibt-250ML.html,https://www.edeka24.de/out/pictures/generated/product/1/540_540_90/maggiksesahnesauce.jpg
2083,Lebensmittel,Soßen,Soßen zum Anrühren,Maggi Kräuter Rahmsauce ergibt 2x 250ML,"1,69 €","3,38 €/l","inkl. MwSt., zzgl. 4.95 € Versandkosten.",lieferbar innerhalb von 2-5 Werktagen,2023-05-03 00:53:22.144652,-,,"Verantwortliches Lebensmittelunternehmen:
Maggi GmbH, Julius-Bührer-Strasse 8, 78224 Singen","Zutatenverzeichnis: 27% SAHNEPULVER*, Kartoffelstärke*, WEIZENMEHL*, Sonnenblumenöl*, Jodsalz (Salz, Kaliumjodat), Hefeextrakt, Gewürze*, Zucker*, Kräuter* (Liebstöckel, Petersilie, Oregano, Rosmarin, Lorbeer), SELLERIE*, MILCHZUCKER*, natürliche Aromen* (mit WEIZEN), Würze* (aus WEIZEN), Salz*, Zucker*, MILCHEIWEISS*, Paprikaöl*. Kann EIER, SENF und SOJA enthalten. *Natürliche Zutaten",237,57,"3,2","1,6","5,6","1,3","1,2","1,1",https://www.edeka24.de/Lebensmittel/Sossen/Sossen-zum-Anruehren/Maggi-Kraeuter-Rahmsauce-ergibt-2x-250ML.html,https://www.edeka24.de/out/pictures/generated/product/1/540_540_90/maggi_kruterrahmsauce_ergibt_2x_250ml.jpg
2084,Lebensmittel,Soßen,Soßen zum Anrühren,Knorr Jägersoße 184G,"3,29 €","17,88 €/kg","inkl. MwSt., zzgl. 4.95 € Versandkosten.",lieferbar innerhalb von 2-5 Werktagen,2023-05-03 00:53:26.513412,-,,"Verantwortliches Lebensmittelunternehmen:
Unilever Deutschland Holding GmbH, Am Strandkai 1 , D-20457 Hamburg","Zutatenverzeichnis: Stärke, WEIZENMEHL, Palmöl, Speisesalz, Geschmacksverstärker (Mononatriumglutamat, Dinatriumguanylat, Dinatriuminosinat), geräucherter Speck (Speck, Antioxidationsmittel Rosmarinextrakt, Rauch), Aromen, 4,5% Champignons, Knoblauchpulver, Zucker, Paprika, Farbstoff Ammoniak-Zuckerkulör, Butterpilzpulver, Verdickungsmittel Guarkernmehl, Petersilie, Glukosesirup, Säuerungsmittel Citronensäure, Steinpilzpulver, Hefeextrakt, MILCHEIWEISS, Raucharoma, Petersilienwurzel. Kann Spuren von EI, SELLERIE und SENF enthalten.",154,37,"1,8","1,1","4,5","0,6","0,9","0,98",https://www.edeka24.de/Lebensmittel/Sossen/Sossen-zum-Anruehren/Knorr-Jaegersosse-184G.html,https://www.edeka24.de/out/pictures/generated/product/1/540_540_90/jaeger_600_z1.jpg
2085,Lebensmittel,Soßen,Soßen zum Anrühren,Maggi Helle Sauce ergibt 3x 250ML,"1,29 €","1,72 €/l","inkl. MwSt., zzgl. 4.95 € Versandkosten.",lieferbar innerhalb von 2-5 Werktagen,2023-05-03 00:53:30.503446,-,,"Verantwortliches Lebensmittelunternehmen:
Maggi GmbH, Julius-Bührer-Strasse 8, 78224 Singen","Zutatenverzeichnis: Reismehl*, Kartoffelstärke*, Sonnenblumenöl*, Jodsalz (Salz, Kaliumjodat), MILCHEIWEISSERZEUGNIS*, Hefeextrakt, MILCHZUCKER*, Gewürze*, SELLERIE*, natürliche Aromen* (mit WEIZEN), Aromen. Kann EIER, SENF und SOJA enthalten. *Natürliche Zutaten.",178,42,"1,9","0,2","5,1","0,5","1,1","1,1",https://www.edeka24.de/Lebensmittel/Sossen/Sossen-zum-Anruehren/Maggi-Helle-Sauce-ergibt-3x-250ML.html,https://www.edeka24.de/out/pictures/generated/product/1/540_540_90/maggi_helle_sauce_ergibt_3x_250ml.jpg
2086,Lebensmittel,Soßen,Soßen zum Anrühren,"Maggi Rahmsauce zu Braten ergibt 1,5L","3,49 €","2,33 €/l","inkl. MwSt., zzgl. 4.95 € Versandkosten.",lieferbar innerhalb von 2-5 Werktagen,2023-05-03 00:53:34.822942,-,Hinweis zur Aufbewahrung: Trocken lagern und vor Wärme schützen.,"Verantwortliches Lebensmittelunternehmen:
Maggi GmbH, Julius-Bührer-Strasse 8, 78224 Singen","Zutatenverzeichnis: WEIZENMEHL*, 22,5% SAHNEPULVER*, Kartoffelstärke*, Reismehl*, Hefeextrakt, Jodsalz (Salz, Kaliumjodat), Gewürze* (4,4% Zwiebeln, weißer Pfeffer, Knoblauchpulver), natürliche Aromen* (mit WEIZEN), Karamellzucker*, Zucker*, Würze* (aus WEIZEN), Salz, Sonnenblumenöl*, Paprikaöl*. Kann EIER, SENF, SOJA und SELLERIE enthalten. *natürliche Zutaten",224,53,"2,3","1,6","6,4","1,3","1,6","1,2",https://www.edeka24.de/Lebensmittel/Sossen/Sossen-zum-Anruehren/Maggi-Rahmsauce-zu-Braten-ergibt-1-5L.html,https://www.edeka24.de/out/pictures/generated/product/1/540_540_90/maggi_rahmsauce_zu_braten_ergibt_15l.jpg
2087,Lebensmittel,Soßen,Soßen zum Anrühren,Maggi Jäger-Sauce ergibt 2x 250ML,"1,69 €","3,38 €/l","inkl. MwSt., zzgl. 4.95 € Versandkosten.",lieferbar innerhalb von 2-5 Werktagen,2023-05-03 00:53:39.231313,-,,"Verantwortliches Lebensmittelunternehmen:
Maggi GmbH, Lyoner Str. 23, D-60528 Frankfurt","Zutatenverzeichnis: WEIZENMEHL*, Kartoffelstärke*, Jodsalz (Salz, Kaliumjodat), Zucker*, 6,5% Champignons*, Hefeextrakt, Karamellzucker*, Tomatenpulver*, geräucherter Speck* (Speck, Salz, Rauch), Gewürze* (Paprika, Knoblauch, weißer Pfeffer), SELLERIE*, natürliche Aromen*, Säuerungsmittel Citronensäure*, Sonnenblumenöl*. Kann EIER, MILCH, SENF und SOJA enthalten. *Natürliche Zutaten.",126,30,"0,2","0,1","5,7","1,5",1,"1,2",https://www.edeka24.de/Lebensmittel/Sossen/Sossen-zum-Anruehren/Maggi-Jaeger-Sauce-ergibt-2x-250ML.html,https://www.edeka24.de/out/pictures/generated/product/1/540_540_90/maggi_jgersauce_ergibt_2x_250ml.jpg
2088,Lebensmittel,Soßen,Soßen zum Anrühren,Knorr Sauce zu Braten Extra ergibt 3x 250ML 84G,"1,39 €","16,55 €/kg","inkl. MwSt., zzgl. 4.95 € Versandkosten.",lieferbar innerhalb von 2-5 Werktagen,2023-05-03 00:53:43.203153,-,,"Verantwortliches Lebensmittelunternehmen:
Unilever Deutschland, Postfach 570 237, 22771 Hamburg","Zutatenverzeichnis: Stärke, WEIZENMEHL, Maltodextrin, Aromen, Zucker, Palmöl, Tomatenpulver¹, Speisesalz, jodiertes Speisesalz, Hefeextrakt, Farbstoff (Ammoniak-Zuckerkulör), 0,5% Rindfleischpulver, Röstzwiebelpulver¹, Gewürze (Paprika¹, Pfeffer, Petersilienwurzel¹), Säuerungsmittel (Citronensäure). Kann andere GLUTENHALTIGE GETREIDE, MILCH, EI, SOJA, SELLERIE und SENF enthalten. ¹aus nachhaltigem Anbau.",172,41,"0,8","0,5","7,3","1,3","0,9","1,3",https://www.edeka24.de/Lebensmittel/Sossen/Sossen-zum-Anruehren/Knorr-Sauce-zu-Braten-Extra-ergibt-3x-250ML-84G.html,https://www.edeka24.de/out/pictures/generated/product/1/540_540_90/knorr_sauce_zu_braten_extra_84g.jpg
2089,Lebensmittel,Soßen,Soßen zum Anrühren,Maggi Helle Sauce nach Art Hollandaise ergibt 2x 250ML,"1,69 €","3,38 €/l","inkl. MwSt., zzgl. 4.95 € Versandkosten.",lieferbar innerhalb von 2-5 Werktagen,2023-05-03 00:53:47.022277,-,,"Verantwortliches Lebensmittelunternehmen:
Maggi GmbH, Lyoner Str. 23, D-60528 Frankfurt","Zutatenverzeichnis: Kartoffelstärke*, MILCHZUCKER*, MILCHEIWEISSERZEUGNIS*, Sonnenblumenöl*, Jodsalz (Salz, Kaliumjodat), WEIZENMEHL*, Hefeextrakt, natürliche Aromen* (mit MILCH), 1,6% EIGELB*, Gewürze* (Kurkuma, Muskatnuss), Kräuter*, Zitronensaft*, Zucker*. Kann SELLERIE, SENF und SOJA enthalten. *Natürliche Zutaten.",207,49,"1,4","0,2","7,7","2,5","1,4","0,89",https://www.edeka24.de/Lebensmittel/Sossen/Sossen-zum-Anruehren/Maggi-Helle-Sauce-nach-Art-Hollandaise-ergibt-2x-250ML.html,https://www.edeka24.de/out/pictures/generated/product/1/540_540_90/maggi_helle_sauce_nach_art_hollandaise_ergibt_2x_250ml.jpg
2090,Lebensmittel,Soßen,Soßen zum Anrühren,Knorr Soße zum Braten 253G,"3,29 €","13,00 €/kg","inkl. MwSt., zzgl. 4.95 € Versandkosten.",lieferbar innerhalb von 2-5 Werktagen,2023-05-03 00:53:53.225226,-,,"Verantwortliches Lebensmittelunternehmen:
Unilever Deutschland, Postfach 570 237, 22771 Hamburg","Zutatenverzeichnis: Reismehl, Kartoffelstärke, MILCHZUCKER, Maltodextrin, jodiertes Speisesalz, Hefeextrakt, Aromen, Zucker, Speisesalz, Palmöl, Farbstoff (Ammoniak-Zuckerkulör), Gewürze (Paprika¹, Knoblauch¹, Petersilienwurzel¹), Kochsalzersatz³, Gemüsesaftkonzentrate (SELLERIE, Karotten¹, Lauch¹, Zwiebel). ³gewonnen aus natürlichen Kaliummineralien. ¹Aus nachhaltigem Anbau. Kann Spuren von GLUTEN, EI und SENF enthalten.",124,29,"0,5","0,1","6,1","1,6","0,8","1,2",https://www.edeka24.de/Lebensmittel/Sossen/Sossen-zum-Anruehren/Knorr-Sosse-zum-Braten-253G.html,https://www.edeka24.de/out/pictures/generated/product/1/540_540_90/knorr_soe_zum_braten_in_der_dose(1).jpg
2091,Lebensmittel,Soßen,Soßen zum Anrühren,Maggi Bratensaft ergibt 4x 250ML,"1,69 €","1,69 €/l","inkl. MwSt., zzgl. 4.95 € Versandkosten.",lieferbar innerhalb von 2-5 Werktagen,2023-05-03 00:53:57.590785,-,Hinweis zur Aufbewahrung: Trocken lagern und vor Wärme schützen.,"Verantwortliches Lebensmittelunternehmen:
Maggi GmbH, 78221 Singen (Hohentwiel)","Zutatenverzeichnis: Kartoffelstärke*, 20,2% Rinderfett*, Zucker*, natürliche Aromen* (mit WEIZEN), Jodsalz (Salz, Kaliumjodat), Salz*, Würze* (aus WEIZEN), Karamellzucker*, 2,2% Rindfleischextrakt*, Zwiebeln*, Sonnenblumenöl*, GERSTENMALZEXTRAKT*, Säuerungsmittel (Milchsäure, Citronensäure*), Antioxidationsmittel Extrakt aus Rosmarin*. Kann EIER, MILCH, SENF, SOJA und SELLERIE enthalten. *natürliche Zutaten",123,30,"1,5",1,"3,4","1,4","0,6","1,2",https://www.edeka24.de/Lebensmittel/Sossen/Sossen-zum-Anruehren/Maggi-Bratensaft-ergibt-4x-250ML.html,https://www.edeka24.de/out/pictures/generated/product/1/540_540_90/maggi_bratensaft_ergibt_4x_250ml.jpg
2092,Lebensmittel,Soßen,Soßen zum Anrühren,Maggi Schnitzel-Sauce ergibt 2x 250ML,"1,69 €","3,38 €/l","inkl. MwSt., zzgl. 4.95 € Versandkosten.",lieferbar innerhalb von 2-5 Werktagen,2023-05-03 00:54:01.794346,-,,"Verantwortliches Lebensmittelunternehmen:
Maggi GmbH, Lyoner Str. 23, D-60528 Frankfurt","Zutatenverzeichnis: Kartoffelstärke*, WEIZENMEHL*, Sonnenblumenöl*, Jodsalz (Salz, Kaliumjodat), natürliche Aromen* (mit WEIZEN, MILCH), Gewürze* (Zwiebeln, Knoblauch, Pfeffer, Kurkuma), Hefeextrakt, 3,5% Champignons*, MILCHZUCKER, MILCHEIWEISSERZEUGNIS, natürliches Champignonaroma*, Zucker*, Kräuter*, Karamellzucker*, Säuerungsmittel Citronensäure*, Paprikaöl*. Kann SELLERIE, EIER, SENF und SOJA enthalten. *Natürliche Zutaten.",187,45,"1,7","0,2","6,1","0,9","1,1","1,1",https://www.edeka24.de/Lebensmittel/Sossen/Sossen-zum-Anruehren/Maggi-Schnitzel-Sauce-ergibt-2x-250ML.html,https://www.edeka24.de/out/pictures/generated/product/1/540_540_90/maggi_schnitzelsauce_ergibt_2x_250_ml.jpg
2093,Lebensmittel,Soßen,Soßen zum Anrühren,Knorr Feinschmecker Sauce Hollandaise fettarm 33G,"1,09 €","33,03 €/kg","inkl. MwSt., zzgl. 4.95 € Versandkosten.",lieferbar innerhalb von 2-5 Werktagen,2023-05-03 00:54:06.332719,-,,"Verantwortliches Lebensmittelunternehmen:
Unilever Deutschland Holding GmbH, Am Strandkai 1 , D-20457 Hamburg","Zutatenverzeichnis: Stärke, 19% MAGERMILCHPULVER, Maltodextrin, 8% EIGELBPULVER, jodiertes Speisesalz, Mehl (Reis, WEIZEN), Palmöl, MOLKENERZEUGNIS, 2,5% Zitronensaftpulver, Würze, Zwiebeln², MILCHZUCKER, Hefeextrakt, Zucker, Speisesalz, Weißweinextrakt, Gewürze (Cayennepfeffer, Curcuma), Säuerungsmittel Citronensäure, Aromen. ²aus nachhaltigem Anbau. Kann Spuren von SOJA, SELLERIE und SENF enthalten.",212,50,"1,1","0,5","8,1",2,"1,6",1,https://www.edeka24.de/Lebensmittel/Sossen/Sossen-zum-Anruehren/Knorr-Feinschmecker-Sauce-Hollandaise-fettarm-33G.html,https://www.edeka24.de/out/pictures/generated/product/1/540_540_90/knorr_feinschmecker_sauce_hollandaise_fettarm(1).jpg
2094,Lebensmittel,Soßen,Soßen zum Anrühren,Maggi Sauce zu Gulasch ergibt 2x 250ML,"1,69 €","3,38 €/l","inkl. MwSt., zzgl. 4.95 € Versandkosten.",lieferbar innerhalb von 2-5 Werktagen,2023-05-03 00:54:10.142992,-,,"Verantwortliches Lebensmittelunternehmen:
Maggi GmbH, Julius-Bührer-Strasse 8, 78224 Singen","Zutatenverzeichnis: Kartoffelstärke*, WEIZENMEHL*, 13,2% Zwiebeln*, Jodsalz (Salz, Kaliumjodat), 7,8% Paprika*, Hefeextrakt, Tomatenpulver*, geräucherter Speck* (Speck, Salz, Rauch), Gewürze* (Knoblauch, Pfeffer, Kümmel), Kräuter* (Majoran, Petersilie, Lorbeer), Karamellzucker*, Sonnenblumenöl*, natürliche Aromen* (mit WEIZEN), Säuerungsmittel Citronensäure*. Kann SELLERIE, EIER, MILCH, SENF und SOJA enthalten. *Natürliche Zutaten.",144,34,"0,5","0,1","6,2","1,1",1,"1,1",https://www.edeka24.de/Lebensmittel/Sossen/Sossen-zum-Anruehren/Maggi-Sauce-zu-Gulasch-ergibt-2x-250ML.html,https://www.edeka24.de/out/pictures/generated/product/1/540_540_90/maggi_sauce_zu_gulasch_ergibt_2x_250_ml.jpg
2095,Lebensmittel,Soßen,Soßen zum Anrühren,Knorr Feinschmecker Sauce Hollandaise Klassisch 35G,"1,09 €","31,14 €/kg","inkl. MwSt., zzgl. 4.95 € Versandkosten.",lieferbar innerhalb von 2-5 Werktagen,2023-05-03 00:54:16.840620,Zubereitung für Sauce Hollandaise Klassisch,,"Verantwortliches Lebensmittelunternehmen:
Unilever Deutschland, Postfach 57 05 50, 22774 Hamburg","Zutatenverzeichnis: Stärke, Palmöl, Maltodextrin, 12% EIGELBPULVER, jodiertesSpeisesalz, MILCHEIWEISS, Hefeextrakt, Glukosesirup, Zucker, Zitronensaftpulver, MILCHZUCKER, WEIZENMEHL, Kochsalzersatz², Speisesalz, Weißweinextrakt, natürliche Aromen, Curcuma. Kann Spuren von SOJA, SELLERIE und SENF enthalten. ²gewonnen ausnatürlichen Kaliummineralien.",427,1784,44,28,7,"1,3","1,6","0,95",https://www.edeka24.de/Lebensmittel/Sossen/Sossen-zum-Anruehren/Knorr-Feinschmecker-Sauce-Hollandaise-Klassisch-35G.html,https://www.edeka24.de/out/pictures/generated/product/1/540_540_90/knorr_feinschmecker_sauce_hollandaise_klassisch_35g.jpg
2096,Lebensmittel,Soßen,Soßen zum Anrühren,Knorr Kräuter Soße ergibt 2x 250ML 58G,"1,39 €","23,97 €/kg","inkl. MwSt., zzgl. 4.95 € Versandkosten.",lieferbar innerhalb von 2-5 Werktagen,2023-05-03 00:54:20.762125,Kräuter Soße,,"Verantwortliches Lebensmittelunternehmen:
Unilever Deutschland, Postfach 57 05 50, 22774 Hamburg","Zutatenverzeichnis: Palmöl, Stärke, Maltodextrin, jodiertes Speisesalz, Glukosesirup, MILCHEIWEISS, 3,3% Kräuter (Dill², Kerbel², Petersilie², Schnittlauch²), Zucker, Aromen, Speisesalz, Hefeextrakt, Gewürze (Knoblauch², Kurkuma, Petersilienwurzel²), Säuerungsmittel (Citronensäure), Farbstoff (Paprikaextrakt). Kann EI, SELLERIE, SENF, SOJA und GLUTENHALTIGE GETREIDE enthalten. ²aus nachhaltigem Anbau.",243,58,"3,8","2,2","5,4","0,5","0,6","0,93",https://www.edeka24.de/Lebensmittel/Sossen/Sossen-zum-Anruehren/Knorr-Kraeuter-Sosse-ergibt-2x-250ML-58G.html,https://www.edeka24.de/out/pictures/generated/product/1/540_540_90/knorr_kramp228uter_soamp223e_famp252r_2x250ml_58g.jpg
2097,Lebensmittel,Soßen,Soßen zum Anrühren,Maggi Sauce zu Rinderbraten ergibt 2x 250ML,"1,69 €","3,38 €/l","inkl. MwSt., zzgl. 4.95 € Versandkosten.",lieferbar innerhalb von 2-5 Werktagen,2023-05-03 00:54:25.456807,-,,"Verantwortliches Lebensmittelunternehmen:
Maggi GmbH, Julius-Bührer-Strasse 8, 78224 Singen","Zutatenverzeichnis: Kartoffelstärke*, WEIZENMEHL*, Gewürze* (Zwiebeln, Paprika, weißer Pfeffer, Koriander, Piment), Zucker*, Jodsalz (Salz, Kaliumjodat), Hefeextrakt, 4% Tomaten*, geräucherter Speck* (Speck, Salz, Rauch), natürliche Aromen* (mit WEIZEN), Karamellzucker*, Sonnenblumenöl*, Würze* (aus WEIZEN), Salz*, Rotweinextrakt, Aroma. Kann SELLERIE, EIER, MILCH, SENF und SOJA enthalten. *Natürliche Zutaten.",114,27,"0,3","0,1","4,9","1,1",1,"1,1",https://www.edeka24.de/Lebensmittel/Sossen/Sossen-zum-Anruehren/Maggi-Sauce-zu-Rinderbraten-ergibt-2x-250ML.html,https://www.edeka24.de/out/pictures/generated/product/1/540_540_90/maggi_sauce_zu_rinderbraten_ergibt_2x_250ml.jpg
2098,Lebensmittel,Soßen,Soßen zum Anrühren,Maggi Für Genießer Dill Sauce fettarm ergibt 250ML,"1,29 €","5,16 €/l","inkl. MwSt., zzgl. 4.95 € Versandkosten.",lieferbar innerhalb von 2-5 Werktagen,2023-05-03 00:54:30.979908,Dill Sauce >>fettarm<<,,"Verantwortliches Lebensmittelunternehmen:
Maggi GmbH, Julius-Bührer-Strasse 8, 78224 Singen","Zutatenverzeichnis: WEIZENMEHL*, Kartoffelstärke*, SAHNEPULVER*, Jodsalz (Salz, Kaliumjodat), MILCHEIWEISSERZEUGNIS*, MAGERMILCHPULVER*, Hefeextrakt, 2,8% Dill*, Gewürze* (Knoblauch, Kurkuma), natürliche Aromen* (mit WEIZEN, MILCH, SENFÖL), MILCHZUCKER*, Palmfett*, Aroma, Zucker*, Säuerungsmittel Citronensäure*. Kann SELLERIE, EIER, SOJA und SENF enthalten. *Natürliche Zutaten.",160,37,"0,9","0,5","5,4","1,1","1,7","1,1",https://www.edeka24.de/Lebensmittel/Sossen/Sossen-zum-Anruehren/Maggi-Fuer-Geniesser-Dill-Sauce-fettarm-ergibt-250ML.html,https://www.edeka24.de/out/pictures/generated/product/1/540_540_90/maggidilsauce.jpg
2099,Lebensmittel,Soßen,Soßen zum Anrühren,Knorr Pfeffer Soße ergibt 2x 250ML 46G,"1,39 €","30,22 €/kg","inkl. MwSt., zzgl. 4.95 € Versandkosten.",lieferbar innerhalb von 2-5 Werktagen,2023-05-03 00:54:34.742787,Pfeffer Soße,,"Verantwortliches Lebensmittelunternehmen:
Unilever Deutschland, Postfach 57 05 50, 22774 Hamburg","Zutatenverzeichnis: Stärke, WEIZENMEHL, Palmöl, Aromen, Kochsalzersatz³, Zucker, Speisesalz, Hefeextrakt, jodiertes Speisesalz, 1,9% grüner Pfeffer, GERSTENMALZEXTRAKT, Knoblauch², Gemüsesaftkonzentrate² (SELLERIE, Karotte, Lauch, Zwiebel), 0,4% weißer Pfeffer, Thymian², Petersilienwurzel². Kann EI, MILCH, SENF, SOJA und andere GLUTENHALTIGE GETREIDE enthalten. ²aus nachhaltigem Anbau. ³gewonnen aus natürlichen Kaliummineralien.",136,32,"0,8","0,5","5,5","0,7","0,7","0,91",https://www.edeka24.de/Lebensmittel/Sossen/Sossen-zum-Anruehren/Knorr-Pfeffer-Sosse-ergibt-2x-250ML-46G.html,https://www.edeka24.de/out/pictures/generated/product/1/540_540_90/knorr_pfeffer_soamp223e_famp252r_2x250ml_46g.jpg
2100,Lebensmittel,Soßen,Soßen zum Anrühren,Maggi Für Genießer Champignon Rahmsauce ergibt 250ML,"1,29 €","5,16 €/l","inkl. MwSt., zzgl. 4.95 € Versandkosten.",lieferbar innerhalb von 2-5 Werktagen,2023-05-03 00:54:39.128390,Zubereitung für Champignon Rahmsauce,,"Verantwortliches Lebensmittelunternehmen:
Maggi gmbH, 78221 Singen (Hohentwiel)","Zutatenverzeichnis: Mehlschwitze (WEIZENMEHL, Palmfett), Palmfett, MILCHZUCKER, Maisstärke, 5,9 % Champignons, Jodsalz, Aromen (mit WEIZEN, MILCHZUCKER), Zucker, Sonnenblumenöl, Würze (aus WEIZEN), Gewürze (Kurkuma, Pfeffer), MILCHEIWEISS, Salz. Kann SELLERIE, EIER, SENF und SOJA enthalten.",503,120,"9,5","5,5","6,8","2,6","1,7","1,1",https://www.edeka24.de/Lebensmittel/Sossen/Sossen-zum-Anruehren/Maggi-Fuer-Geniesser-Champignon-Rahmsauce-ergibt-250ML.html,https://www.edeka24.de/out/pictures/generated/product/1/540_540_90/maggi_fr_genieer_champignon_rahmsauce_ergibt_250_ml.jpg
2101,Lebensmittel,Soßen,Soßen zum Anrühren,Maggi Für Genießer 3 Pfeffer Sauce fettarm ergibt 250ML,"1,29 €","5,16 €/l","inkl. MwSt., zzgl. 4.95 € Versandkosten.",lieferbar innerhalb von 2-5 Werktagen,2023-05-03 00:54:43.437811,-,,"Verantwortliches Lebensmittelunternehmen:
Maggi GmbH, Julius-Bührer-Strasse 8, 78224 Singen","Zutatenverzeichnis: WEIZENMEHL*, Maisstärke*, SAHNEPULVER*, MILCHEIWEISSERZEUGNIS*, Jodsalz (Salz, Kaliumjodat), natürliches Aroma* (mit WEIZEN), 4,2% Pfeffer (grüner Pfeffer, weißer Pfeffer*, schwarzer Pfeffer, rosa Pfeffer), Würze* (aus WEIZEN), Knoblauch*, Zwiebeln*, Salz*, Kurkumaextrakt*, Lorbeerblätter*, Palmfett*, Karamellzucker*, Säuerungsmittel Citronensäure*, Paprikaöl*. Kann SELLERIE, EIER, SENF und SOJA enthalten. *Natürliche Zutaten.",183,44,"1,1","0,6","5,7","0,9","2,6","1,1",https://www.edeka24.de/Lebensmittel/Sossen/Sossen-zum-Anruehren/Maggi-Fuer-Geniesser-3-Pfeffer-Sauce-fettarm-ergibt-250ML.html,https://www.edeka24.de/out/pictures/generated/product/1/540_540_90/maggi_fr_genieer_3pfeffer_sauce_fettarm_ergibt_250ml.jpg
2102,Lebensmittel,Soßen,Soßen zum Anrühren,Knorr Feinschmecker Curry Sauce ergibt 250ML,"1,09 €","23,19 €/kg","inkl. MwSt., zzgl. 4.95 € Versandkosten.",lieferbar innerhalb von 2-5 Werktagen,2023-05-03 00:54:47.880749,-,,"Verantwortliches Lebensmittelunternehmen:
Unilever Deutschland, Postfach 570 237, 22771 Hamburg","Zutatenverzeichnis: Palmöl, Stärke, WEIZENMEHL, MAGERMILCHPULVER, Maltodextrin, 4,4% Curry (Koriander, Cumin, Curcuma, Pfeffer, Anis, Zimt, Fenchelsamen, Ingwer, Liebstöckelwurzel, Cayennepfeffer, Piment), 3,8% roter Gemüsepaprika², Glukosesirup, jodiertes Speisesalz, Ananasstücke, Würze, Zucker, Zwiebeln², Apfelpulver, Ananassaftpulver, Hefeextrakt, Aromen, MILCHEIWEISS, Bananenpulver, Speisesalz, Dextrose, Kochsalzersatz³, Weißweinextrakt, Zitronensaftpulver, Muskatnuss. Kann andere GLUTENHALTIGE GETREIDE, EI, SELLERIE, SENF, SOJA enthalten. ²aus nachhaltigem Anbau. ³gewonnen aus natürlichen Kaliummineralien.",359,86,"4,1","2,5",10,"2,9","1,6","0,99",https://www.edeka24.de/Lebensmittel/Sossen/Sossen-zum-Anruehren/Knorr-Feinschmecker-Curry-Sauce-ergibt-250ML.html,https://www.edeka24.de/out/pictures/generated/product/1/540_540_90/knorr_feinschmecker_curry_sauce_47g.jpg
2103,Lebensmittel,Soßen,Soßen zum Anrühren,Knorr Soße zu Schweinebraten 3x 26G,"1,39 €","17,82 €/kg","inkl. MwSt., zzgl. 4.95 € Versandkosten.",lieferbar innerhalb von 2-5 Werktagen,2023-05-03 00:54:52.124368,Soße zu Schweinebraten,,"Verantwortliches Lebensmittelunternehmen:
Unilever Deutschland, Postfach 570 237, 22771 Hamburg","Zutatenverzeichnis: Zutaten: WEIZENMEHL, Palmöl, Stärke, jodiertes Speisesalz, Reismehl, Tomatenpulver¹, Hefeextrakt, Aromen, Maltodextrin, Zucker, Karamellzuckersirup, Speisesalz, Röstzwiebelpulver¹, Gewürze (Kümmel, Muskatnuss, Pfeffer, Petersilienwurzelpulver¹), Majoran. ¹aus nachhaltigem Anbau. Kann Spuren von Ei, Soja, Milch, Sellerie und Senf enthalten.",46,192,"2,4","1,6","5,1","0,7","0,8","1,4",https://www.edeka24.de/Lebensmittel/Sossen/Sossen-zum-Anruehren/Knorr-Sosse-zu-Schweinebraten-3x-26G.html,https://www.edeka24.de/out/pictures/generated/product/1/540_540_90/knorr_soe_zu_schweinebraten_dreierpackung.jpg
2104,Lebensmittel,Soßen,Soßen zum Anrühren,Knorr Feinschmecker Edelpilz Sauce ergibt 250ML,"1,09 €","4,36 €/l","inkl. MwSt., zzgl. 4.95 € Versandkosten.",lieferbar innerhalb von 2-5 Werktagen,2023-05-03 00:54:56.373317,-,,"Verantwortliches Lebensmittelunternehmen:
Unilever Deutschland, Postfach 570 237, 22771 Hamburg","Zutatenverzeichnis: Palmöl, Stärke, WEIZENMEHL, 6,6% Champignons², jodiertes Speisesalz, Glukosesirup, Maltodextrin, Würze, MILCHEIWEISS, 2,1% Steinpilze², Zucker, Tomatenpulver², Zwiebeln², Hefeextrakt, Speisesalz, Gemüsesaftkonzentrate² (Zwiebeln, SELLERIE, Karotten, Lauch), Butterpilze², Weißweinextrakt, Sonnenblumenöl. Kann Spuren von EI, SOJA und SENF enthalten. ²aus nachhaltigem Anbau.",319,77,"5,2","3,3",6,"0,9","1,4","0,95",https://www.edeka24.de/Lebensmittel/Sossen/Sossen-zum-Anruehren/Knorr-Feinschmecker-Edelpilz-Sauce-ergibt-250ML.html,https://www.edeka24.de/out/pictures/generated/product/1/540_540_90/knorr_feinschmecker_edelpilz_sauce_38_g.jpg
2105,Lebensmittel,Soßen,Soßen zum Anrühren,Knorr Feinschmecker Jäger Sauce ergibt 250ML,"1,09 €","4,36 €/l","inkl. MwSt., zzgl. 4.95 € Versandkosten.",lieferbar innerhalb von 2-5 Werktagen,2023-05-03 00:55:00.026426,-,,"Verantwortliches Lebensmittelunternehmen:
Unilever Deutschland, Postfach 570 237, 22771 Hamburg","Zutatenverzeichnis: Stärke, Palmöl, WEIZENMEHL, jodiertes Speisesalz, Maltodextrin, 4% Champignons³, 3,5% Champignonsaftkonzentrat³, Würze, Aromen, Zucker, Glukosesirup, Karamellzuckersirup, MILCHEIWEISS, Malzextrakt (GERSTE), Zwiebeln, Petersilie, Steinpilzpulver, Weißweinextrakt. Kann EI, SOJA, SELLERIE, SENF und andere GLUTENHALTIGE GETREIDE enthalten. ³aus nachhaltigem Anbau.",239,57,"2,9","1,8","6,9","0,8",1,"1,1",https://www.edeka24.de/Lebensmittel/Sossen/Sossen-zum-Anruehren/Knorr-Feinschmecker-Jaeger-Sauce-ergibt-250ML.html,https://www.edeka24.de/out/pictures/generated/product/1/540_540_90/knorr_feinschmecker_jger_sauce_32_g.jpg
2106,Lebensmittel,Soßen,Soßen zum Anrühren,Knorr Klare Bratensaft Basis 80G,"1,59 €","19,88 €/kg","inkl. MwSt., zzgl. 4.95 € Versandkosten.",lieferbar innerhalb von 2-5 Werktagen,2023-05-03 00:55:03.332673,-,,"Verantwortliches Lebensmittelunternehmen:
Unilever Deutschland, Postfach 570 237, 22771 Hamburg","Zutatenverzeichnis: Palmöl, Stärke, Speisesalz, modifizierte Stärke, Geschmacksverstärker Mononatriumglutamat, Aromen (Aromen, Geschmacksverstärker (Mononatriumglutamat,Dinatriuminosat,Dinatriumgualynat), Palmöl ganz gehärtet, 5,4% Rindfleischpulver, Hefeextrakt, Farbstoff Ammoniak-zuckerkulör, Tomatenpulver, Zucker, Gewürze (Paprika, Pfeffer, Knoblauch), Säuerungsmittel Citronensäure.",153,37,"2,6","1,8","2,3","0,5","1,2","1,5",https://www.edeka24.de/Lebensmittel/Sossen/Sossen-zum-Anruehren/Knorr-Klare-Bratensaft-Basis-80G.html,https://www.edeka24.de/out/pictures/generated/product/1/540_540_90/knorr_klare_bratensaft_basis_80g.jpg
2107,Lebensmittel,Soßen,Soßen zum Anrühren,Knorr Feinschmecker Pfifferling Sauce ergibt 250ML,"1,09 €","4,36 €/l","inkl. MwSt., zzgl. 4.95 € Versandkosten.",lieferbar innerhalb von 2-5 Werktagen,2023-05-03 00:55:06.134249,-,,"Verantwortliches Lebensmittelunternehmen:
Unilever Deutschland, Postfach 57 05 50, 22774 Hamburg","Zutatenverzeichnis: Stärke, Palmöl , 8,3% Zwiebeln2, jodiertes Speisesalz, Aromen, Glukosesirup , Zucker, MILCHEIWEISS, Maltodextrin, 1,5% Pfifferlinge2, Champignonsaftkonzentrat2, Knoblauch², Pfeffer, Kochsalzersatz3, GERSTENMALZEXTRAKT, geräuchertes Speckfett (Schweinespeck, Antioxidationsmittel (Extrakte aus Rosmarin), Rauch), Sonnenblumenöl, Rotweinextrakt. Kann SELLERIE, EI, SENF, andere GLUTENHALTIGE GETREIDE und SOJA enthalten. 2 aus nachhaltigem Anbau. 3 gewonnen aus natürlichen Kaliummineralien.",332,80,5,"2,9","7,5","0,8","0,9","1,1",https://www.edeka24.de/Lebensmittel/Sossen/Sossen-zum-Anruehren/Knorr-Feinschmecker-Pfifferling-Sauce-ergibt-250ML.html,https://www.edeka24.de/out/pictures/generated/product/1/540_540_90/knorr_feinschmecker_pfifferling_sauce_40g(1).jpg
2108,Lebensmittel,Soßen,Soßen zum Anrühren,Maggi Für Genießer Jäger Rahmsauce ergibt 250ML,"1,29 €","5,16 €/l","inkl. MwSt., zzgl. 4.95 € Versandkosten.",lieferbar innerhalb von 2-5 Werktagen,2023-05-03 00:55:10.238555,Zubereitung für Pilz Rahmsauce,,"Verantwortliches Lebensmittelunternehmen:
Maggi GmbH, 78221 Singen (Hohentwiel)","Zutatenverzeichnis: WEIZENMEHL*, Kartoffelstärke*, Jodsalz (Salz, Kaliumjodat), Zucker, 7,5% Champignons*, Hefeextrakt, Karamellzucker*, Tomaten*, geräucherter Speck* (Speck, Salz, Rauch), Gewürze* (Paprika, Knoblauch, Pfeffer, Zwiebeln), SELLERIEBLÄTTER*, natürliche Aromen (mit WEIZEN)*, Aroma, Sonnenblumenöl*. Kann EIER, MILCH, SENF und SOJA enthalten. *Natürliche Zutaten.",377,89,"6,4","3,8","6,4","2,1","1,5","1,3",https://www.edeka24.de/Lebensmittel/Sossen/Sossen-zum-Anruehren/Maggi-Fuer-Geniesser-Jaeger-Rahmsauce-ergibt-250ML.html,https://www.edeka24.de/out/pictures/generated/product/1/540_540_90/maggi_fr_genieer_jger_rahmsauce_ergibt_250_ml.jpg
2109,Lebensmittel,Soßen,Soßen zum Anrühren,Maggi Sauce zu Braten ergibt 3x 250ML,"1,39 €","1,85 €/l","inkl. MwSt., zzgl. 4.95 € Versandkosten.",lieferbar innerhalb von 2-5 Werktagen,2023-05-03 00:55:15.322274,-,,"Verantwortliches Lebensmittelunternehmen:
Maggi GmbH, Julius-Bührer-Strasse 8, 78224 Singen","Zutatenverzeichnis: WEIZENMEHL, Maltodextrin, Jodsalz (Salz, Kaliumjodat), Palmfett, Zucker, Hefeextrakt, Aromen (mit WEIZEN, GERSTE), Karamellzucker, Verdickungsmittel Guarkernmehl, Kartoffelstärke, Reismehl, Gewürze, Säuerungsmittel: Citronensäure. Kann SELLERIE, EIER, MILCH, SENF und SOJA enthalten.",123,29,1,"0,6","4,3","1,2","0,6","1,3",https://www.edeka24.de/Lebensmittel/Sossen/Sossen-zum-Anruehren/Maggi-Sauce-zu-Braten-ergibt-3x-250ML.html,https://www.edeka24.de/out/pictures/generated/product/1/540_540_90/maggi_sauce_zu_braten_ergibt_3x_250ml.jpg
2110,Lebensmittel,Soßen,Soßen zum Anrühren,Maggi Sauce zu Schweinebraten ergibt 2x 250ML,"1,69 €","3,38 €/l","inkl. MwSt., zzgl. 4.95 € Versandkosten.",lieferbar innerhalb von 2-5 Werktagen,2023-05-03 00:55:19.918590,-,,"Verantwortliches Lebensmittelunternehmen:
Maggi GmbH, Lyoner Str. 23, D-60528 Frankfurt","Zutatenverzeichnis: Erbsenstärke*, Kartoffelstärke*, Jodsalz (Salz, Kaliumjodat), 6% Zwiebeln, natürliche Aromen* (mit WEIZEN), Gewürze* (Paprika, Knoblauch, Kümmel), Karamellzucker*, Kräuter*, 1,7% SELLERIE*, Würze* (aus WEIZEN), Sonnenblumenöl*, Salz*, Säuerungsmittel Citronensäure*. Kann EIER, MILCH, SENF und SOJA enthalten. *Natürliche Zutaten.",75,18,"0,1","0,1","3,8","0,4","0,3","1,3",https://www.edeka24.de/Lebensmittel/Sossen/Sossen-zum-Anruehren/Maggi-Sauce-zu-Schweinebraten-ergibt-2x-250ML.html,https://www.edeka24.de/out/pictures/generated/product/1/540_540_90/maggi_delikatess_sauce_zu_schweinebraten_2x_250ml.jpg
2111,Lebensmittel,Soßen,Soßen zum Anrühren,Knorr Feinschmecker Sauce zu Braten extra fein 23G,"1,09 €","4,36 €/l","inkl. MwSt., zzgl. 4.95 € Versandkosten.",lieferbar innerhalb von 2-5 Werktagen,2023-05-03 00:55:24.521687,-,,"Verantwortliches Lebensmittelunternehmen:
Unilever Deutschland, Postfach 57 05 50, 22774 Hamburg","Zutatenverzeichnis: Stärke, WEIZENMEHL, Maltodextrin, Aromen, Hefeextrakt, Speisesalz, Zucker, Palmöl, Kochsalzersatz³, Rinderfett, 2,6% Zwiebeln², Maiskeimöl, GERSTENMALZEXTRAKT, Gewürze (Knoblauch², Pfeffer, Petersilienwurzel²), Gemüsesaftkonzentrat² (SELLERIE, Karotten, Lauch, Zwiebeln), Rosmarin, Rotweinextrakt, Antioxidationsmittel Extrakt aus Rosmarin. Kann MILCH, EI, SOJA, GLUTENHALTIGE GETREIDE und SENF enthalten. ² Aus nachhaltigem Anbau. ³ Gewonnen aus natürlichen Kaliummineralien.",144,34,1,"0,6","5,5","0,6","0,8","0,9",https://www.edeka24.de/Lebensmittel/Sossen/Sossen-zum-Anruehren/Knorr-Feinschmecker-Sauce-zu-Braten-extra-fein-23G.html,https://www.edeka24.de/out/pictures/generated/product/1/540_540_90/knorr_feinschmecker_sauce_zu_braten_extra_fein_23g.jpg
2112,Lebensmittel,Soßen,Soßen zum Anrühren,Maggi Sauce zu Rouladen ergibt 2x 250ML,"1,69 €","3,38 €/l","inkl. MwSt., zzgl. 4.95 € Versandkosten.",lieferbar innerhalb von 2-5 Werktagen,2023-05-03 00:55:28.394104,-,,"Verantwortliches Lebensmittelunternehmen:
Maggi GmbH, Lyoner Str. 23, D-60528 Frankfurt","Zutatenverzeichnis: Erbsenstärke*, Kartoffelstärke*, Jodsalz (Salz, Kaliumjodat), WEIZENMEHL*, Hefeextrakt, Zucker*, natürliche Aromen* (mit WEIZEN), Speck, Gewürze* (2,1% Zwiebeln, Knoblauch, Koriander, Lorbeer), Würze* (mit WEIZEN), Karamellzucker*, Kräuter*, SELLERIE*, Sonnenblumenöl*, Salz*, Säuerungsmittel Citronensäure*, Aroma (mit SELLERIE, SENF). Kann EIER, MILCH und SOJA enthalten. *Natürliche Zutaten.",113,27,"0,3","0,1","5,1","0,8","0,8","1,1",https://www.edeka24.de/Lebensmittel/Sossen/Sossen-zum-Anruehren/Maggi-Sauce-zu-Rouladen-ergibt-2x-250ML.html,https://www.edeka24.de/out/pictures/generated/product/1/540_540_90/maggi_sauce_zu_rouladen_ergibt_2x_250ml.jpg
2113,Lebensmittel,Soßen,Soßen zum Anrühren,Maggi Sauce zu Geflügel ergibt 2x 250ML,"1,69 €","3,38 €/l","inkl. MwSt., zzgl. 4.95 € Versandkosten.",lieferbar innerhalb von 2-5 Werktagen,2023-05-03 00:55:33.135873,-,,"Verantwortliches Lebensmittelunternehmen:
Maggi GmbH, Julius-Bührer-Strasse 8, 78224 Singen","Zutatenverzeichnis: Kartoffelstärke*, WEIZENMEHL*, Jodsalz (Salz, Kaliumjodat), natürliche Aromen* (mit WEIZEN), Hefeextrakt, 4,9% Hühnerfett*, Karamellzucker*, Zucker*, 0,9% Hühnerfleisch*, Knoblauchpulver*, Sonnenblumenöl*, Säuerungsmittel Citronensäure*, Antioxidationsmittel Rosmarinextrakt*. Kann SELLERIE, EIER, MILCH, SENF und SOJA enthalten. *Natürliche Zutaten.",105,25,"0,4","0,1","4,6","0,6","0,5","1,1",https://www.edeka24.de/Lebensmittel/Sossen/Sossen-zum-Anruehren/Maggi-Sauce-zu-Gefluegel-ergibt-2x-250ML.html,https://www.edeka24.de/out/pictures/generated/product/1/540_540_90/maggi_sauce_zu_geflgel_ergibt_2x_250ml.jpg
2114,Lebensmittel,Soßen,Soßen zum Anrühren,Maggi Helle Sauce ergibt 2L,"3,49 €","1,75 €/l","inkl. MwSt., zzgl. 4.95 € Versandkosten.",lieferbar innerhalb von 2-5 Werktagen,2023-05-03 00:55:36.763875,-,Hinweis zur Aufbewahrung: Trocken lagern und vor Wärme schützen.,"Verantwortliches Lebensmittelunternehmen:
Maggi GmbH, Lyoner Str. 23, D-60528 Frankfurt","Zutatenverzeichnis: Reismehl*, Kartoffelstärke*, Sonnenblumenöl*, Jodsalz (Salz, Kaliumjodat), MILCHEIWEISSERZEUGNIS*, Hefeextrakt, MILCHZUCKER*, Gewürze* (Zwiebel, Muskatnuss), natürliche Aromen* (mit WEIZEN), SELLERIE*, Aromen. Kann EIER, SENF, SOJA enthalten. *natürliche Zutaten",172,42,"1,9","0,2","4,9","0,5","1,2","1,1",https://www.edeka24.de/Lebensmittel/Sossen/Sossen-zum-Anruehren/Maggi-Helle-Sauce-ergibt-2L.html,https://www.edeka24.de/out/pictures/generated/product/1/540_540_90/maggi_helle_sauce_ergibt_2l.jpg
2115,Lebensmittel,Soßen,Soßen zum Anrühren,Knorr Feinschmecker Rahmsauce zu Braten ergibt 250ML,"1,09 €","4,36 €/l","inkl. MwSt., zzgl. 4.95 € Versandkosten.",lieferbar innerhalb von 2-5 Werktagen,2023-05-03 00:55:40.178917,-,,"Verantwortliches Lebensmittelunternehmen:
Unilever Deutschland, Postfach 570 237, 22771 Hamburg","Zutatenverzeichnis: Stärke, 27% SAHNEPULVER, Aromen, Zucker, WEIZENMEHL, Palmöl, jodiertes Speisesalz, MOLKENERZEUGNIS, Maltodextrin, MILCHZUCKER, Knoblauch², Würze, Zitronensaftpulver, Kräuter (Thymian², Rosmarin²), Speisesalz, Zwiebelsaftkonzentrat, GERSTENMALZEXTRAKT, Hefeextrakt, Sonnenblumenöl. Kann SELLERIE, EI, andere GLUTENHALTIGE GETREIDE, SENF, SOJA enthalten. ²aus nachhaltigem Anbau.",257,62,"3,3","2,2","6,6","2,2","1,1","1,3",https://www.edeka24.de/Lebensmittel/Sossen/Sossen-zum-Anruehren/Knorr-Feinschmecker-Rahmsauce-zu-Braten-ergibt-250ML.html,https://www.edeka24.de/out/pictures/generated/product/1/540_540_90/knorr_feinschmecker_rahmsauce_zu_braten_36_g.jpg
2116,Lebensmittel,Soßen,Soßen zum Anrühren,Maggi Für Genießer Quattro Formaggi Sauce ergibt 250ML,"1,29 €","5,16 €/l","inkl. MwSt., zzgl. 4.95 € Versandkosten.",lieferbar innerhalb von 2-5 Werktagen,2023-05-03 00:55:43.409744,Zubereitung für Käse Sauce,,"Verantwortliches Lebensmittelunternehmen:
Maggi GmbH, 78221 Singen (Hohentwiel)","Zutatenverzeichnis: 25,9% KÄSE (CHEDDAR, HARTKÄSE, BLAUSCHIMMELKÄSE, MOZZARELLA), Palmfett, Kartoffelstärke, WEIZENMEHL, Hefeextrakt, MILCHZUCKER, natürliches Aroma (mit MILCH), MILCHEIWEISSERZEUGNIS, Jodsalz (Salz, Kaliumjodat), MOLKENERZEUGNIS, Kräuter (Petersilie, Basilikum), Zucker, Kurkuma, natürliches Pfefferaroma, Aroma, Säuerungsmittel Citronensäure. Kann SELLERIE, EIER, SENF und SOJA enthalten.",610,146,"11,7","6,8","6,7",2,"3,4","0,98",https://www.edeka24.de/Lebensmittel/Sossen/Sossen-zum-Anruehren/Maggi-Fuer-Geniesser-Quattro-Formaggi-Sauce-ergibt-250ML.html,https://www.edeka24.de/out/pictures/generated/product/1/540_540_90/maggi_fr_genieer_quattro_formaggi_sauce_ergibt_250_ml.jpg
2117,Lebensmittel,Soßen,Soßen zum Anrühren,Maggi Sauce zu Braten ergibt 3L,"3,79 €","1,26 €/l","inkl. MwSt., zzgl. 4.95 € Versandkosten.",lieferbar innerhalb von 2-5 Werktagen,2023-05-03 00:55:46.928873,-,Hinweis zur Aufbewahrung: Trocken lagern und vor Wärme schützen.,"Verantwortliches Lebensmittelunternehmen:
Maggi GmbH, Julius-Bührer-Strasse 8, 78224 Singen","Zutatenverzeichnis: WEIZENMEHL, Maltodextrin, Jodsalz (Salz, Kaliumjodat), Palmfett, Zucker, Hefeextrakt, Aromen (mit WEIZEN, GERSTE), Karamellzucker, Verdickungsmittel (Guarkernmehl), Kartoffelstärke, Gewürze, Reismehl, Säuerungsmittel Citronensäure. Kann SELLERIE, EIER, MILCH, SENF und SOJA enthalten.",123,29,1,"0,6","4,3","1,2","0,6","1,3",https://www.edeka24.de/Lebensmittel/Sossen/Sossen-zum-Anruehren/Maggi-Sauce-zu-Braten-ergibt-3L.html,https://www.edeka24.de/out/pictures/generated/product/1/540_540_90/maggi_sauce_zu_braten_ergibt_3l.jpg
2118,Lebensmittel,Soßen,Soßen zum Anrühren,Maggi Für Genießer Sauce Curry ergibt 250ML,"1,29 €","5,16 €/l","inkl. MwSt., zzgl. 4.95 € Versandkosten.",lieferbar innerhalb von 2-5 Werktagen,2023-05-03 00:55:50.621092,Curry Sauce,,"Verantwortliches Lebensmittelunternehmen:
Maggi GmbH, Julius-Bührer-Strasse 8, 78224 Singen","Zutatenverzeichnis: WEIZENMEHL*, Stärke*, Palmfett*, Zucker*, MILCHEIWEISSERZEUGNIS*, Jodsalz (Salz, Kaliumjodat), Hefeextrakt, 3,9% Curry* (Koriander, Kurkuma, SENFKÖRNER, SELLERIE, Chili, Bockshornklee, Pfeffer, Paprika, Liebstöckel, Kreuzkümmel, Ingwer, Lorbeer, Dill, Kümmel, Zwiebeln, Knoblauch), Gewürze* (Zwiebeln, Kurkuma, Chili, Paprika), Apfelpulver*, Bananenflocken*, MILCHZUCKER*, 2,3% Ananasstücke*, 0,8% Mangostücke*, Würze* (aus WEIZEN), Salz*, natürliches Aroma*, WEIZENSTÄRKE*, Zitronensaftpulver*, Thymianextrakt*, Zitronenextrakt*. Kann EIER und SOJA enthalten. *Natürliche Zutaten.",208,49,"1,7","0,9","6,5","2,4","1,6",1,https://www.edeka24.de/Lebensmittel/Sossen/Sossen-zum-Anruehren/Maggi-Fuer-Geniesser-Sauce-Curry-ergibt-250ML.html,https://www.edeka24.de/out/pictures/generated/product/1/540_540_90/maggi_famp252r_genieamp223er_sauce_curry_famp252r_250ml.jpg
2119,Lebensmittel,Soßen,Soßen zum Anrühren,Maggi Sauce zu Hackbraten ergibt 2x 250ML,"1,69 €","3,38 €/l","inkl. MwSt., zzgl. 4.95 € Versandkosten.",lieferbar innerhalb von 2-5 Werktagen,2023-05-03 00:55:53.634401,-,,"Verantwortliches Lebensmittelunternehmen:
Maggi GmbH, Lyoner Str. 23, D-60528 Frankfurt","Zutatenverzeichnis: Kartoffelstärke*, WEIZENMEHL*, Jodsalz (Salz, Kaliumjodat), 6% Zwiebeln*, Zucker*, Tomatenpulver*, Hefeextrakt, geräucherter Speck* (Speck, Salz, Rauch), Karamellzucker*, SELLERIE*, natürliche Aromen* (mit WEIZEN), 1,5% Karotten*, Gewürze* (Knoblauch, Pfeffer, Piment, Paprika, Kümmel), MILCHEIWEISSERZEUGNIS*, Sonnenblumenöl*. Kann EIER, SENF, und SOJA enthalten. *Natürliche Zutaten.",115,27,"0,4","0,1",5,"1,2","0,7",1,https://www.edeka24.de/Lebensmittel/Sossen/Sossen-zum-Anruehren/Maggi-Sauce-zu-Hackbraten-ergibt-2x-250ML.html,https://www.edeka24.de/out/pictures/generated/product/1/540_540_90/maggi_sauce_zu_hackbraten_ergibt_2x_250ml.jpg
2120,Lebensmittel,Soßen,Soßen zum Anrühren,Knorr Schnitzel Soße ergibt 2x 250ML 50G,"1,39 €","27,80 €/kg","inkl. MwSt., zzgl. 4.95 € Versandkosten.",lieferbar innerhalb von 2-5 Werktagen,2023-05-03 00:55:56.778235,Soße zu Schnitzel,,"Verantwortliches Lebensmittelunternehmen:
Unilever Deutschland, Postfach 57 05 50, 22774 Hamburg","Zutatenverzeichnis: Stärke, Aromen, Palmöl, 7,5% SAHNEPULVER, WEIZENMEHL, Zwiebeln1, Hefeextrakt, MAGERMILCHPULVER, jodiertes Speisesalz, Speisesalz, Maltodextrin, Champignonsaftkonzentrat1, Glukosesirup, Karamellzuckersirup, MILCHEIWEISS, Kräuter (Petersilie1, Thymian1, Rosmarin1), Zucker, Champignons1, Kochsalzersatz2, Gewürze (Knoblauch1, Petersilienwurzel1). Kann andere GLUTENHALTIGE GETREIDE, EI, SOJA, SELLERIE und SENF enthalten. 1aus nachhaltigem Anbau. 2gewonnen aus natürlichen Kaliummineralien.",166,39,"1,5","0,9","5,4","0,8",1,"0,91",https://www.edeka24.de/Lebensmittel/Sossen/Sossen-zum-Anruehren/Knorr-Schnitzel-Sosse-ergibt-2x-250ML-50G.html,https://www.edeka24.de/out/pictures/generated/product/1/540_540_90/knorr_schnitzel_soamp223e_famp252r_2x250ml_50g.jpg
2121,Lebensmittel,Soßen,Soßen zum Anrühren,Knorr Soße zu Hackbraten ergibt 2x 250Ml 48G,"1,39 €","28,96 €/kg","inkl. MwSt., zzgl. 4.95 € Versandkosten.",lieferbar innerhalb von 2-5 Werktagen,2023-05-03 00:56:00.409062,Soße zu Hackbraten,,"Verantwortliches Lebensmittelunternehmen:
Unilever Deutschland, Postfach 57 05 50, 22774 Hamburg","Zutatenverzeichnis: Stärke, WEIZENMEHL, Aromen, Palmöl, Zucker, geräuchertes Speckfett (Speck, Antioxidationsmittel (Extrakt aus Rosmarin), Rauch), Knoblauch², Kochsalzersatz³, jodiertes Speisesalz , KNOLLENSELLERIE² , Karotten², Tomaten² (Stücke, Pulver), Farbstoff (Ammoniak-Zuckerkulör), Paprika², Speisesalz, Petersilie², Hefeextrakt, Glukosesirup, Säuerungsmittel (Citronensäure), MILCHEIWEISS, Raucharoma, Petersilienwurzel². Kann EI, SENF, SOJA und andere GLUTENHALTIGE GETREIDE enthalten. ²aus nachhaltigem Anbau. ³gewonnen aus natürlichen Kaliummineralien.",151,36,"0,9","0,5","6,1","0,9","0,7","0,77",https://www.edeka24.de/Lebensmittel/Sossen/Sossen-zum-Anruehren/Knorr-Sosse-zu-Hackbraten-ergibt-2x-250Ml-48G.html,https://www.edeka24.de/out/pictures/generated/product/1/540_540_90/knorr_soamp223e_zu_hackbraten_famp252r_2x250ml_48g.jpg
2122,Lebensmittel,Soßen,Soßen zum Anrühren,Knorr Sauce Pur Braten ergibt 4x 250ML 112G,"2,29 €","20,45 €/kg","inkl. MwSt., zzgl. 4.95 € Versandkosten.",lieferbar innerhalb von 2-5 Werktagen,2023-05-03 00:56:03.882978,Sauce zu Braten,Hinweis zur Aufbewahrung: Vor Wärme und Licht geschützt aufbewahren. Nach dem Öffnen im Kühlschrank lagern und innerhalb von 3 Tagen konsumieren.,"Verantwortliches Lebensmittelunternehmen:
Unilever Deutschland, Postfach 57 05 50, 22774 Hamburg","Zutatenverzeichnis: 41% Rinderknochenbrühe (Trinkwasser, Rinderknochen), Stärke, Speisesalz, Zucker, Aromen, 3,5% Rinderfett, GERSTENMALZEXTRAKT, Hefeextrakt, Verdickungsmittel (Johannisbrotkernmehl, Xanthan, Gellan), Zwiebelsaftkonzentrat², Maiskeimöl, Emulgator (Mono- und Diglyceride von Speisefettsäuren), Rindfleischpulver, Paprika², Pfeffer, Sonnenblumenöl, Thymian², Lorbeerblätter. ²aus nachhaltigem Anbau.",89,21,"0,5","0,2","3,7","0,9","0,5","1,4",https://www.edeka24.de/Lebensmittel/Sossen/Sossen-zum-Anruehren/Knorr-Sauce-Pur-Braten-ergibt-4x-250ML-112G.html,https://www.edeka24.de/out/pictures/generated/product/1/540_540_90/knorr_sauce_pur_braten_112g.jpg
2123,Lebensmittel,Soßen,Soßen zum Anrühren,Maggi Für Genießer Kräuter Sauce ergibt 250ML,"1,29 €","5,16 €/l","inkl. MwSt., zzgl. 4.95 € Versandkosten.",lieferbar innerhalb von 2-5 Werktagen,2023-05-03 00:56:07.248308,Zubereitung für Kräuter Rahmsauce,,"Verantwortliches Lebensmittelunternehmen:
Maggi GmbH, Julius-Bührer-Strasse 8, 78224 Singen","Zutatenverzeichnis: Kartoffelstärke*, WEIZENMEHL*, Palmfett*, Jodsalz (Salz, Kaliumjodat), MILCHEIWEISSERZEUGNIS*, Reismehl*, 3,2 % Kräuter* (2,1 % Dill, Petersilie), Zucker*, Hefeextrakt, Gewürze* (Zwiebeln, Knoblauch, Muskatnuss), SELLERIE*, MILCHZUCKER*, natürliche Aromen*, MILCHEIWEISSERZEUGNIS*, Säuerungsmittel Citronensäure*, Liebstöckelextrakt*. Kann EIER, SENF und SOJA enthalten. *Natürliche Zutaten.",425,101,"7,4","4,3",7,"1,5","1,6",1,https://www.edeka24.de/Lebensmittel/Sossen/Sossen-zum-Anruehren/Maggi-Fuer-Geniesser-Kraeuter-Sauce-ergibt-250ML.html,https://www.edeka24.de/out/pictures/generated/product/1/540_540_90/maggikrutrsauce.jpg
2124,Lebensmittel,Soßen,Soßen zum Anrühren,Maggi Jägersauce ergibt 2L,"3,49 €","1,75 €/l","inkl. MwSt., zzgl. 4.95 € Versandkosten.",lieferbar innerhalb von 2-5 Werktagen,2023-05-03 00:56:10.181469,-,Hinweis zur Aufbewahrung: Trocken lagern und vor Wärme schützen.,"Verantwortliches Lebensmittelunternehmen:
Maggi GmbH, Julius-Bührer-Strasse 8, 78224 Singen","Zutatenverzeichnis: WEIZENMEHL*, Kartoffelstärke*, Jodsalz (Salz, Kaliumjodat), Zucker*, Hefeextrakt, 5,1% Champignons*, Karamellzucker*, Tomatenpulver*, geräucherter Speck (Speck, Salz, Rauch), Gewürze*, SELLERIEBLÄTTER*, Sonnenblumenöl*, natürliche Aromen*, Pilzaroma, Säuerungsmittel Citronensäure*. Kann EIER, MILCH, SENF und SOJA enthalten. *natürliche Zutaten",126,30,"0,2","0,1","5,8","1,5","0,9","1,2",https://www.edeka24.de/Lebensmittel/Sossen/Sossen-zum-Anruehren/Maggi-Jaegersauce-ergibt-2L.html,https://www.edeka24.de/out/pictures/generated/product/1/540_540_90/maggi_jgersauce_ergibt_2l.jpg
2125,Lebensmittel,Soßen,Soßen zum Anrühren,Maggi Für Genießer Pfeffer Rahmsauce ergibt 250ML,"1,29 €","5,16 €/l","inkl. MwSt., zzgl. 4.95 € Versandkosten.",lieferbar innerhalb von 2-5 Werktagen,2023-05-03 00:56:13.594146,Zubereitung für Pfeffer Rahmsauce,,"Verantwortliches Lebensmittelunternehmen:
Maggi GmbH, 78221 Singen (Hohentwiel)","Zutatenverzeichnis: Kartoffelstärke*, WEIZENMEHL*, Jodsalz (Salz, Kaliumjodat), 5,6% Pfeffer* (grüner Pfeffer, 2,4 % grüne Pfefferkörner), Hefeextrakt, Gewürze* (Zwiebeln, Knoblauch, Nelken), geräucherter Speck* (Speck, Salz, Rauch), Tomaten*, Palmfett*, natürliche Aromen* (mit WEIZEN), Pilze*, Kräuter* (Rosmarin, Lorbeer), Karamellzucker*, MILCHZUCKER*, Säuerungsmittel Citronensäure*, Paprikaöl*, MILCHEIWEISSERZEUGNIS*. Kann SELLERIE, EIER, SENF und SOJA enthalten. *Natürliche Zutaten.",379,90,"6,7","3,9","6,1","1,1","1,3",1,https://www.edeka24.de/Lebensmittel/Sossen/Sossen-zum-Anruehren/Maggi-Fuer-Geniesser-Pfeffer-Rahmsauce-ergibt-250ML.html,https://www.edeka24.de/out/pictures/generated/product/1/540_540_90/maggi_fr_genieer_pfeffer_rahmsauce_ergibt_250_ml.jpg
2126,Lebensmittel,Soßen,Soßen zum Anrühren,Maggi Für Genießer Rahmbraten Sauce ergibt 250ML,"1,29 €","5,16 €/l","inkl. MwSt., zzgl. 4.95 € Versandkosten.",lieferbar innerhalb von 2-5 Werktagen,2023-05-03 00:56:17.648277,Rahmbraten-Sauce,,"Verantwortliches Lebensmittelunternehmen:
Maggi GmbH, Julius-Bührer-Strasse 8, 78224 Singen","Zutatenverzeichnis: 33% SAHNEPULVER*, Kartoffelstärke*, WEIZENMEHL*, natürliche Aromen* (mit WEIZEN), Zucker*, Hefeextrakt*, Salz, Jodsalz (Salz, Kaliumjodat), Rindfleischextrakt, Würze* (aus WEIZEN), Pfeffer*, Palmfett*, Karamellzucker*, Paprikaöl*. Kann SELLERIE, EIER, SENF und SOJA enthalten. *Natürliche Zutaten.",245,59,"3,3","2,3","5,8","1,4","1,5","1,1",https://www.edeka24.de/Lebensmittel/Sossen/Sossen-zum-Anruehren/Maggi-Fuer-Geniesser-Rahmbraten-Sauce-ergibt-250ML.html,https://www.edeka24.de/out/pictures/generated/product/1/540_540_90/maggirahmbratensauce.jpg
2127,Lebensmittel,Soßen,Tomatensoße-Pesto,Oro di Parma Tomatenmark 200G,"2,19 €","10,95 €/kg","inkl. MwSt., zzgl. 4.95 € Versandkosten.",lieferbar innerhalb von 2-5 Werktagen,2023-05-03 00:56:20.863024,3-fach konzentriertes Tomatenmark,,"Verantwortliches Lebensmittelunternehmen:
Hengstberg GmbH & Co.KG, Mettinger Straße 109, D-73728 Esslingen","Zutatenverzeichnis: Tomatenmark, Salz",477,113,"0,6","0,13","17,5","17,5","5,875",1,https://www.edeka24.de/index.php?cl=details&anid=8bdab073e89b293501d0eda8abaac8f1&emcs0=3&emcs1=Kategorieseite%20-%20Topseller&emcs2=&emcs3=129381006,https://www.edeka24.de/out/pictures/generated/product/1/540_540_90/oro_di_parma_tomatenmark_200g.jpg
2128,Lebensmittel,Soßen,Tomatensoße-Pesto,Mutti Tomatenmark 3-fach konzentriert 200G,"1,99 €","9,95 €/kg","inkl. MwSt., zzgl. 4.95 € Versandkosten.",lieferbar innerhalb von 2-5 Werktagen,2023-05-03 00:56:24.226327,Tomatenkonzentrat,Hinweis zur Aufbewahrung: Nach dem Öffnen im Kühlschrank aufbewahren und innerhalb von 20 Tagen verbrauchen.,"Verantwortliches Lebensmittelunternehmen:
Mutti S.p.a., Via Traversetolo 28, 43022 Montechiarugolo, Parma","Zutatenverzeichnis: Tomate 99,6%, Salz.",537,127,"0,2","0,1",23,16,"5,7","0,5",https://www.edeka24.de/index.php?cl=details&anid=0534583e75018fbcf0a3dc8de1cdd755&emcs0=3&emcs1=Kategorieseite%20-%20Topseller&emcs2=&emcs3=1441933001,https://www.edeka24.de/out/pictures/generated/product/1/540_540_90/mutti_tomatenkonzentrat_3fach_tube_200g.jpg
2129,Lebensmittel,Soßen,Tomatensoße-Pesto,Barilla Pasta Sauce Ricotta 400G,"4,29 €","10,73 €/kg","inkl. MwSt., zzgl. 4.95 € Versandkosten.",lieferbar innerhalb von 2-5 Werktagen,2023-05-03 00:56:27.456447,Tomatensauce mit Ricotta-Käse,Hinweis zur Aufbewahrung: Nach dem Öffnen im Kühlschrank lagern und innerhalb von 5 Tagen verbrauchen,"Verantwortliches Lebensmittelunternehmen:
Barilla G. e R. Fratelli - Società per Azioni, Via Mantova 166, I-43122 Parma","Zutatenverzeichnis: Tomatenfruchtfleisch 58%, RICOTTA-KÄSE 12% (Molke (MILCH) SAHNE), Tomatenkonzentrat 8%, Zwiebel, Wasser, Sonnenblumenöl, GRANA PADANO KÄSE g.U. (Lysozym aus EI), PECORINO ROMANO KÄSE g.U., Salz, Petersilie, natürliches Aroma, Zucker, Reisstärke",350,84,"5,8","1,6","4,1","3,5",3,"1,4",https://www.edeka24.de/index.php?cl=details&anid=c284d997e086e2857.85346956&emcs0=3&emcs1=Kategorieseite%20-%20Topseller&emcs2=&emcs3=512811000,https://www.edeka24.de/out/pictures/generated/product/1/540_540_90/barilla_pasta_sauce_ricotta.jpg
2130,Lebensmittel,Soßen,Tomatensoße-Pesto,Oro di Parma Tomatenmark scharf 200G,"2,19 €","10,95 €/kg","inkl. MwSt., zzgl. 4.95 € Versandkosten.",lieferbar innerhalb von 2-5 Werktagen,2023-05-03 00:56:30.781492,"Tomatenmark mit Paprika, scharf",Hinweis zur Aufbewahrung: Nach dem Öffnen im Kühlschrank aufbewahren.,"Verantwortliches Lebensmittelunternehmen:
Hengstberg GmbH & Co.KG, Mettinger Straße 109, D-73728 Esslingen","Zutatenverzeichnis: Tomatenmark 2-fach konzentriert, Paprika (7%), Salz, Gewürze, Knoblauch, natürliches Paprika-Aroma",351,83,"1,1","0,2",12,12,4,"1,4",https://www.edeka24.de/index.php?cl=details&anid=c284d997e4dac2c15.18283388&emcs0=3&emcs1=Kategorieseite%20-%20Topseller&emcs2=&emcs3=900348000,https://www.edeka24.de/out/pictures/generated/product/1/540_540_90/oro_di_parma_tomatenmark_scharf_200g.jpg
2131,Lebensmittel,Soßen,Tomatensoße-Pesto,Alnatura Bio Tomatensauce Toscana 325ML,"1,79 €","5,51 €/l","inkl. MwSt., zzgl. 4.95 € Versandkosten.",lieferbar innerhalb von 2-5 Werktagen,2023-05-03 00:56:34.558755,"Bio Tomatensauce mit Gemüse, Toskana Art",Hinweis zur Aufbewahrung: Nach dem Öffnen im Kühlschrank aufbewahren und innerhalb von 5 Tagen verbrauchen.,"Verantwortliches Lebensmittelunternehmen:
Alnatura Produktions- und Handels GmbH, Mahatma-Gandhi-Str. 7, 64295 Darmstadt","Zutatenverzeichnis: Tomaten* 94%, Gemüse* 5,5% (in veränderlichen Gewichtsanteilen:Karotten*, Zwiebeln*, SELLERIE*), Basilikum*, Meersalz *aus biologischer Landwirtschaft. Kann GLUTEN enthalten.",118,28,"0,2",0,"4,2","3,5","1,1","0,7",https://www.edeka24.de/index.php?cl=details&anid=045e0a5deecb124a3977249a98c42e31&emcs0=3&emcs1=Kategorieseite%20-%20Topseller&emcs2=&emcs3=2970648002,https://www.edeka24.de/out/pictures/generated/product/1/540_540_90/4104420031081alnaturabiotomatensaucetoscana.png
2132,Lebensmittel,Soßen,Tomatensoße-Pesto,Pomito passierte Tomaten 500G,"1,39 €","2,78 €/kg","inkl. MwSt., zzgl. 4.95 € Versandkosten.",lieferbar innerhalb von 2-5 Werktagen,2023-05-03 00:56:37.769394,-,,"Verantwortliches Lebensmittelunternehmen:
Boschi Food & Beverage S.p.A., Via Ghiara 25, 43012 Fontanellato","Zutatenverzeichnis: Tomaten, Salz, Säureregulator: Citronensäure.",115,27,"0,2",0,4,4,"1,3","0,55",https://www.edeka24.de/Lebensmittel/Sossen/Tomatensosse-Pesto/Pomito-passierte-Tomaten-500G.html,https://www.edeka24.de/out/pictures/generated/product/1/540_540_90/pomito_passierte_tomaten_500g.jpg
2133,Lebensmittel,Soßen,Tomatensoße-Pesto,EDEKA Italia Tomatenmark 200G,"1,59 €","7,95 €/kg","inkl. MwSt., zzgl. 4.95 € Versandkosten.",lieferbar innerhalb von 2-5 Werktagen,2023-05-03 00:56:40.353268,"Original italienisches Tomatenmark, dreifach konzentriert",Hinweis zur Aufbewahrung: Trocken lagern. Nach dem Öffnen kühl lagern und alsbaldig verbrauchen.,"Verantwortliches Lebensmittelunternehmen:
EDEKA ZENTRALE Stiftung & Co. KG, D-22291 Hamburg","Zutatenverzeichnis: Tomaten, Speisesalz, Säuerungsmittel: Citronensäure.",514,122,"0,3",0,"18,3","18,3","5,1",20000,https://www.edeka24.de/Lebensmittel/Sossen/Tomatensosse-Pesto/EDEKA-Italia-Tomatenmark-200G.html,https://www.edeka24.de/out/pictures/generated/product/1/540_540_90/edeka_italia_tomatenmark.jpg
2134,Lebensmittel,Soßen,Tomatensoße-Pesto,Thomy Les Sauces Tomaten Sahne-Sauce 250ML,"1,19 €","4,76 €/l","inkl. MwSt., zzgl. 4.95 € Versandkosten.",lieferbar innerhalb von 2-5 Werktagen,2023-05-03 00:56:43.209701,Tomaten Sahne-Sauce,Hinweis zur Aufbewahrung: Reste im Kühlschrank aufbewahren und spätestens am nächsten Tag verbrauchen.,"Verantwortliches Lebensmittelunternehmen:
Nestlé Deutschland AG, Industriestraße 42-44, 41460 Neuss","Zutatenverzeichnis: 68,4 % Tomatenmark, 15 % SCHLAGSAHNE , Sonnenblumenöl, Wasser, Maisstärke, Gewürze (Zwiebeln, Knoblauch, Pfeffer), Jodsalz (Salz, Kaliumjodit), Zucker. Kann SELLERIE enthalten.",600,145,"11,4","3,9","8,2","5,2","1,7","1,2",https://www.edeka24.de/Lebensmittel/Sossen/Tomatensosse-Pesto/Thomy-Les-Sauces-Tomaten-Sahne-Sauce-250ML.html,https://www.edeka24.de/out/pictures/generated/product/1/540_540_90/thomy_les_sauces_tomaten_sahnesauce_250ml.jpg
2135,Lebensmittel,Soßen,Tomatensoße-Pesto,EDEKA Bio Tomaten in Stücken 400G,"1,09 €","2,73 €/kg","inkl. MwSt., zzgl. 4.95 € Versandkosten.",lieferbar innerhalb von 2-5 Werktagen,2023-05-03 00:56:46.372374,"Tomaten in Stücken, in Tomatensaft","Hinweis zur Aufbewahrung: Trocken lagern. Nach dem Öffnen den Restinhalt der Dose in ein geeignetes Gefäß umfüllen, kühl lagern und alsbaldig verbrauchen.","Verantwortliches Lebensmittelunternehmen:
EDEKA ZENTRALE Stiftung & Co. KG, D-22291 Hamburg","Zutatenverzeichnis: 60% Tomaten**, Tomatensaft**. **aus kontrolliert ökologischer Landwirtschaft",113,27,"0,2",0,4,4,"1,5","0,1",https://www.edeka24.de/Lebensmittel/Sossen/Tomatensosse-Pesto/EDEKA-Bio-Tomaten-in-Stuecken-400G.html,https://www.edeka24.de/out/pictures/generated/product/1/540_540_90/bio_edeka_tomaten_in_stamp252cken_400g.jpg
2136,Lebensmittel,Soßen,Tomatensoße-Pesto,Alnatura Bio Tomatenstücke 400G,"1,09 €","4,54 €/kg","inkl. MwSt., zzgl. 4.95 € Versandkosten.",lieferbar innerhalb von 2-5 Werktagen,2023-05-03 00:56:54.608920,"Abtropfgewicht 240G. Bio Tomaten Stücke Natur, im eigenen Saft","Hinweis zur Aufbewahrung: Nach dem Öffnen umfüllen, im Kühlschrank aufbewahren und innerhalb von 3 Tagen verbrauchen.","Verantwortliches Lebensmittelunternehmen:
Alnatura GmbH, Mahatma-Ghandi-Str. 7, 64295 Darmstadt","Zutatenverzeichnis: Tomaten* geschält und gestückelt, Tomatensaft*, Säureregulator: Zitronensäure *aus biologischer Landwirtschaft.",105,25,"0,5","0,1","4,1","2,9","1,3","0,02",https://www.edeka24.de/Lebensmittel/Sossen/Tomatensosse-Pesto/Alnatura-Bio-Tomatenstuecke-400G.html,https://www.edeka24.de/out/pictures/generated/product/1/540_540_90/bio_alnatura_tomatenstamp252cke_400g.jpg
2137,Lebensmittel,Soßen,Tomatensoße-Pesto,Alnatura Bio Tomatenmark 200G,"1,69 €","8,45 €/kg","inkl. MwSt., zzgl. 4.95 € Versandkosten.",lieferbar innerhalb von 2-5 Werktagen,2023-05-03 00:56:58.107023,-,Hinweis zur Aufbewahrung: Nach dem Öffnen bitte im Kühlschrank aufbewahren.,"Verantwortliches Lebensmittelunternehmen:
Alnatura Produktions- und Handels GmbH, Mahatma-Gandhi-Str. 7, 64295 Darmstadt",Zutatenverzeichnis: Tomaten* *aus biologischer Landwirtschaft .,372,88,"0,5","0,1",17,14,"4,5","0,17",https://www.edeka24.de/Lebensmittel/Sossen/Tomatensosse-Pesto/Alnatura-Bio-Tomatenmark-200G.html,https://www.edeka24.de/out/pictures/generated/product/1/540_540_90/bio_alnatura_tomatenmark200g.jpg
2138,Lebensmittel,Soßen,Tomatensoße-Pesto,Gut & Günstig Pesto Rosso cremig 190G,"1,39 €","7,32 €/kg","inkl. MwSt., zzgl. 4.95 € Versandkosten.",lieferbar innerhalb von 2-5 Werktagen,2023-05-03 00:57:01.696801,"Cremiges Pesto Rosso - Zubereitung mit Tomaten, italienischem Hartkäse und Basilikum",Hinweis zur Aufbewahrung: Wir empfehlen das Produkt nach dem Öffnen im Kühlschrank zu lagern und alsbald zu verzehren.,"Verantwortliches Lebensmittelunternehmen:
EDEKA ZENTRALE Stiftung & Co. KG, D-22291 Hamburg","Zutatenverzeichnis: 34% Tomatenfruchtfleisch, Sonnenblumenöl, 14% Tomatenmark doppelt konzentriert, Glukosesirup, 5% GRANA PADANO g.U. (MILCH, Speisesalz, Lab, Konservierungsstoff: Lysozym [enthält EI]), 4% Cashewkerne, 3% Basilikum, Speisesalz, Stärke, Aceto Balsamico di Mondena g.g.A. (Weinessig, konzentrierter Traubenmost, Farbstoff: AMMONSULFIT-ZUCKERKULÖR; Antioxidationsmittel: SCHWEFELDIOXID), natürliches Aroma, 1% PECORINO ROMANO g.U. (SCHAFMILCH, Speisesalz, Lab), Zucker, Paniermehl (WEIZENMEHL, Olivenöl, Speisesalz, Hefe, WEIZENMALZMEHL), MILCHEIWEIß, Knoblauchpulver, Säuerungsmittel: Citronensäure. Das Produkt kann Spuren von ERDNÜSSEN enthalten.",1275,308,26,"4,1",14,"8,2","3,8","3,5",https://www.edeka24.de/Lebensmittel/Sossen/Tomatensosse-Pesto/Gut-Guenstig-Pesto-Rosso-cremig-190G.html,https://www.edeka24.de/out/pictures/generated/product/1/540_540_90/gutampampgamp220nstig_pesto_rosso_190g.jpg
2139,Lebensmittel,Soßen,Tomatensoße-Pesto,EDEKA Bio Tomatensauce Klassik 350ML,"1,69 €","4,83 €/l","inkl. MwSt., zzgl. 4.95 € Versandkosten.",lieferbar innerhalb von 2-5 Werktagen,2023-05-03 00:57:05.316324,-,,"Verantwortliches Lebensmittelunternehmen:
EDEKA ZENTRALE Stiftung & Co. KG, D-22291 Hamburg","Zutatenverzeichnis: 77 % Tomatenmark einfach konzentriert*, Wasser, Sonnenblumenöl*, Karotten*, Zwiebeln*, Rohrohrzucker*, Meersalz, Gewürze*, Kräuter*, Zitronensaft aus Zitronensaftkonzentrat*. * aus kontrolliert ökologischer Landwirtschaft",407,98,"5,6","0,7","7,8","7,4","2,0","1,3",https://www.edeka24.de/Lebensmittel/Sossen/Tomatensosse-Pesto/EDEKA-Bio-Tomatensauce-Klassik-350ML.html,https://www.edeka24.de/out/pictures/generated/product/1/540_540_90/bio_edeka_tomatensauce_klassik_350ml.jpg
2140,Lebensmittel,Soßen,Tomatensoße-Pesto,EDEKA Italia Pesto alla Genovese 190G,"1,89 €","9,95 €/kg","inkl. MwSt., zzgl. 4.95 € Versandkosten.",lieferbar innerhalb von 2-5 Werktagen,2023-05-03 00:57:08.935688,"Zubereitung mit Basilikum, italienischem Hartkäse und Pinienkernen mit 22,9% Olivenöl",Hinweis zur Aufbewahrung: Wir empfehlen das Produkt nach dem Öffnen im Kühlschrank aufzubewahren und alsbald zu verzehren.,"Verantwortliches Lebensmittelunternehmen:
EDEKA ZENTRALE Stiftung & Co. KG, D-22291 Hamburg","Zutatenverzeichnis: 33,5% Basilikum, Olivenöl, Sonnenblumenöl, 6,3% GRANA PADANO G.U. (MILCH, Speisesalz, Lab, Konservierungsstoff: Lysozym [enthält EI]), CASHEWKERNE, Kartoffelflocken, Zucker, 2,0% PECORINO ROMANO g.U. (SCHAFMILCH, Speisesalz, Lab), Speisesalz, 1,0% Pinienkerne, Knoblauch, Säureregulator: Glucono-delta-lacton. Das Produkt kann Spuren von ERDNÜSSEN enthalten.",1987,482,48,"5,8","6,5","3,4","5,3","2,5",https://www.edeka24.de/Lebensmittel/Sossen/Tomatensosse-Pesto/EDEKA-Italia-Pesto-alla-Genovese-190G.html,https://www.edeka24.de/out/pictures/generated/product/1/540_540_90/edeka_italia_pesto_alla_genovese_190g.jpg
2141,Lebensmittel,Soßen,Tomatensoße-Pesto,EDEKA Italia Pesto alla Calabrese pikant 190G,"1,89 €","9,95 €/kg","inkl. MwSt., zzgl. 4.95 € Versandkosten.",lieferbar innerhalb von 2-5 Werktagen,2023-05-03 00:57:12.121764,"Zubereitung mit 25% rotem Paprika, 25% gelbem Paprika, 10% Molkeneiweißkäse, 5,1% italienischem Hartkäse und 0,2% Chili",Hinweis zur Aufbewahrung: Wir empfehlen das Produkt nach dem Öffnen im Kühlschrank aufzubewahren und alsbald zu verzehren.,"Verantwortliches Lebensmittelunternehmen:
EDEKA ZENTRALE Stiftung & Co. KG, D-22291 Hamburg","Zutatenverzeichnis: Roter Paprika, gelber Paprika, Sonnenblumenöl, MOLKENEINWEIßKÄSE¹ (SüßMOLKE, SAHNE, Speisesalz, Säuerungsmittel: Milchsäure), CASHEWKERNE, GRANA PADANO g.U. (MILCH, Speisesalz, Lab, Konservierungsstoff: Lysozym [enthält EI)], Zucker, Speisesalz, Tomatenmark doppelt konzentriert, Säuerungsmittel: Milchsäure; Zwiebeln, Chili, Kräuter. ¹RICOTTA. Das Produkt kann Spuren von ERDNÜSSEN enthalten.",290,1197,26,4,"7,9","6,7","4,6","1,7",https://www.edeka24.de/Lebensmittel/Sossen/Tomatensosse-Pesto/EDEKA-Italia-Pesto-alla-Calabrese-pikant-190G.html,https://www.edeka24.de/out/pictures/generated/product/1/540_540_90/edeka_italia_pesto_alla_calabrese_190g.jpg
2142,Lebensmittel,Soßen,Tomatensoße-Pesto,Oro di Parma Bio Tomaten stückig 400G,"2,29 €","5,73 €/kg","inkl. MwSt., zzgl. 4.95 € Versandkosten.",lieferbar innerhalb von 2-5 Werktagen,2023-05-03 00:57:21.138576,"Stückige, geschälte Tomaten.",Hinweis zur Aufbewahrung: Nach Anbruch im Kühlschrank aufbewahren.,"Verantwortliches Lebensmittelunternehmen:
Hengstenberg, 73726 Esslingen","Zutatenverzeichnis: Stückige Tomaten*, Salz, Säureregulator: Citronensäure. *aus kontrolliert ökologischem Anbau",110,26,"0,5","0,1","3,7","3,7","1,4","0,4",https://www.edeka24.de/Lebensmittel/Sossen/Tomatensosse-Pesto/Oro-di-Parma-Bio-Tomaten-stueckig-400G.html,https://www.edeka24.de/out/pictures/generated/product/1/540_540_90/oroparmabiostckig.jpg
2143,Lebensmittel,Soßen,Tomatensoße-Pesto,Alnatura Bio Ganze Tomaten geschält 400G,"1,19 €","4,96 €/kg","inkl. MwSt., zzgl. 4.95 € Versandkosten.",lieferbar innerhalb von 2-5 Werktagen,2023-05-03 00:57:25.889961,"Abtropfgewicht: 240G. Bio Ganze Tomaten geschält, in eigenem Saft","Hinweis zur Aufbewahrung: Inhalt nach dem Öffnen bitte umfüllen, im Kühlschrank aufbewahren und innerhalb von 3-4 Tagen verbrauchen.","Verantwortliches Lebensmittelunternehmen:
Alnatura GmbH, Mahatma-Gandhi-Str. 7, 64295 Darmstadt","Zutatenverzeichnis: Tomaten* geschält, Tomatensaft* *aus biologischer Landwirtschaft .",91,22,"0,5","0,1",4,4,1,"0,08",https://www.edeka24.de/Lebensmittel/Sossen/Tomatensosse-Pesto/Alnatura-Bio-Ganze-Tomaten-geschaelt-400G.html,https://www.edeka24.de/out/pictures/generated/product/1/540_540_90/alnatura_bio_ganze_tomaten_geschlt_400_g.jpg
2144,Lebensmittel,Soßen,Tomatensoße-Pesto,EDEKA Italia Pesto Rosso 190G,"1,89 €","9,95 €/kg","inkl. MwSt., zzgl. 4.95 € Versandkosten.",lieferbar innerhalb von 2-5 Werktagen,2023-05-03 00:57:30.287104,"Zubereitung mit 40,5% getrockneten Tomaten, 8,8% Basilikum, 4,3% Tomatenmark doppelt konzentriert und 1,6% italienischem Hartkäse, mit 20% Olivenöl",Hinweis zur Aufbewahrung: Wir empfehlen das Produkt nach dem Öffnen im Kühlschrank aufzubewahren und alsbald zu verzehren.,"Verantwortliches Lebensmittelunternehmen:
EDEKA ZENTRALE Stiftung & Co. KG, D-22291 Hamburg","Zutatenverzeichnis: Gesalzene getrocknete Tomaten (Tomaten, Speisesalz, Säuerungsmittel: Citronensäure), Olivenöl, Sonnenblumenöl, Basilikum, Tomatenmark doppelt konzentriert, CASHEWKERNE, GRANA PADANO g.U. (MILCH, Speisalz, Lab, Konservierungsstoff: Lysozym [enthält EI]), Weißweinessig, färbendes Lebensmittel: Rote-Beete-Saftkonzentrat; Säuerungsmittel: Citronensäure; Speisesalz. Das Produkt kann Spuren von ERDNÜSSEN enthalten.","2,2",1670,"41,3",5,"4,4","2,9","2,7","2,2",https://www.edeka24.de/Lebensmittel/Sossen/Tomatensosse-Pesto/EDEKA-Italia-Pesto-Rosso-190G.html,https://www.edeka24.de/out/pictures/generated/product/1/540_540_90/edeka_italia_pesto_rosso_190g.jpg
2145,Lebensmittel,Soßen,Tomatensoße-Pesto,Knorr Tomato al Gusto Kräuter-Knoblauch 370G,"1,89 €","5,11 €/kg","inkl. MwSt., zzgl. 4.95 € Versandkosten.",lieferbar innerhalb von 2-5 Werktagen,2023-05-03 00:57:33.827130,Tomatenstückchen mit Kräutern und Knoblauch,Hinweis zur Aufbewahrung: Geöffnete Packung im Kühlschrank bei max. +6 C 2 Tage haltbar.,"Verantwortliches Lebensmittelunternehmen:
Unilever, Unilever Deutschland Postfach 570 237 22771 Hamburg","Zutatenverzeichnis: 94% Tomaten¹, Zwiebeln, Knoblauch, Speisesalz, Fruktose, natives Olivenöl extra, Kräuter (Basilikum, Oregano, Petersilie, Thymian), Hefeextrakt, Säureregulator L(+)-Weinsäure, Pfeffer. ¹aus nachhaltigem Anbau",120,30,"0,7","0,1","3,5","3,5",1,"0,74",https://www.edeka24.de/Lebensmittel/Sossen/Tomatensosse-Pesto/Knorr-Tomato-al-Gusto-Kraeuter-Knoblauch-370G.html,https://www.edeka24.de/out/pictures/generated/product/1/540_540_90/knorr_tomato_al_gusto_kruterknoblauch.jpg
2146,Lebensmittel,Soßen,Tomatensoße-Pesto,Barilla Pesto alla Genovese 190G,"3,69 €","19,42 €/kg","inkl. MwSt., zzgl. 4.95 € Versandkosten.",lieferbar innerhalb von 2-5 Werktagen,2023-05-03 00:57:37.301847,PESTO SAUCE MIT BASILIKUM,Hinweis zur Aufbewahrung: Nach dem Öffnen im Kühlschrank lagern und innerhalb von 5 Tagen verbrauchen,"Verantwortliches Lebensmittelunternehmen:
Barilla G. e R. Fratelli - Società per Azioni, Via Mantova 166, I-43122 Parma","Zutatenverzeichnis: Sonnenblumenöl, frisches Basilikum 30%, CASHEWKERNE, Parmigiano Reggiano g.U. Käse 5% (MILCH), Maisfasern, MOLKENPULVER (MILCH), Salz, MILCHEIWEIß, Natives Olivenöl Extra 1%, Zucker, Basilikumextrakt, natürliche Aromen (MILCH), Säureregulator: Milchsäure, Knoblauch. Kann Spuren von anderen SCHALENFRÜCHTEN enthalten.",2119,514,52,"5,5","5,5",4,4,"3,375",https://www.edeka24.de/Lebensmittel/Sossen/Tomatensosse-Pesto/Barilla-Pesto-alla-Genovese-190G.html,https://www.edeka24.de/out/pictures/generated/product/1/540_540_90/barilla_pesto_alla_genovese_190g.jpg
2147,Lebensmittel,Soßen,Tomatensoße-Pesto,Barilla Pasta Sauce Bolognese 400G,"4,29 €","10,73 €/kg","inkl. MwSt., zzgl. 4.95 € Versandkosten.",lieferbar innerhalb von 2-5 Werktagen,2023-05-03 00:57:40.842604,TOMATENSAUCE MIT RIND- UND SCHWEINEFLEISCH,Hinweis zur Aufbewahrung: Nach dem Öffnen gekühlt 5 Tage haltbar.,"Verantwortliches Lebensmittelunternehmen:
Barilla G. e R. Fratelli - Società per Azioni, Barilla G. e R. Fratelli - Società per Azioni - Via Mantova 166, Parma - Italy.","Zutatenverzeichnis: ZUTATEN: Tomatenfruchtfleisch 24%, Wasser, Tomatenkonzentrat 17%, Zwiebeln 8,5%, Rindfleisch 8%, Schweinefleisch 8%, Karotten 6%, SELLERIE 3%, Sonnenblumenöl, Zucker, Salz, Maisstärke, Thymian, Lorbeer 0,05%, schwarzer Pfeffer.",361,86,"4,2",1,"7,2","4,7","4,2",1,https://www.edeka24.de/Lebensmittel/Sossen/Tomatensosse-Pesto/Barilla-Pasta-Sauce-Bolognese-400G.html,https://www.edeka24.de/out/pictures/generated/product/1/540_540_90/barilla_pasta_sauce_bolognese(1).jpg
2148,Lebensmittel,Soßen,Tomatensoße-Pesto,Alnatura Bio Tomaten in Stücke Kräuter 400G,"1,19 €","4,96 €/kg","inkl. MwSt., zzgl. 4.95 € Versandkosten.",lieferbar innerhalb von 2-5 Werktagen,2023-05-03 00:57:44.824068,Abtropfgewicht 240G,"Hinweis zur Aufbewahrung: Inhalt nach dem Öffnen umfüllen, im Kühlschrank aufbewahren und innerhalb von 3-4 Tagen verbrauchen.","Verantwortliches Lebensmittelunternehmen:
Alnatura GmbH, Mahatma-Gandhi-Straße 7, 64295 Darmstadt","Zutatenverzeichnis: Tomaten* geschält und gestückelt, Tomatensaft*, Basilikum*, Oregano* *aus biologischer Landwirtschaft .",101,24,"0,5","0,1",4,4,"1,5","0,1",https://www.edeka24.de/Lebensmittel/Sossen/Tomatensosse-Pesto/Alnatura-Bio-Tomaten-in-Stuecke-Kraeuter-400G.html,https://www.edeka24.de/out/pictures/generated/product/1/540_540_90/4104420136021bioalnaturatomateninstckekruter-herbes.png
2149,Lebensmittel,Soßen,Tomatensoße-Pesto,Bio Gourmet Pesto Bärlauch 125G,"4,49 €","35,92 €/kg","inkl. MwSt., zzgl. 4.95 € Versandkosten.",lieferbar innerhalb von 2-5 Werktagen,2023-05-03 00:57:48.088234,Bärlauch Pesto,Hinweis zur Aufbewahrung: Nach dem Öffnen mit öl bedeckt halten und kühl aufbewahren.,"Verantwortliches Lebensmittelunternehmen:
Bio Gourmet GmbH, 71729 Erdmannshausen","Zutatenverzeichnis: Sonnenblumenöl* 47 %, Bärlauch* 33 %, natives Olivenöl extra* 10 %, CASHEWKERNE*, Meersalz. *aus kontrolliert biologischem Anbau",2398,582,61,"6,2","6,7","0,2","1,8","2,3",https://www.edeka24.de/Lebensmittel/Sossen/Tomatensosse-Pesto/Bio-Gourmet-Pesto-Baerlauch-125G.html,https://www.edeka24.de/out/pictures/generated/product/1/540_540_90/bgbrlauchpesto.jpg
2150,Lebensmittel,Soßen,Tomatensoße-Pesto,Alnatura Bio Tomatensauce Klassik 350ML,"2,69 €","7,69 €/l","inkl. MwSt., zzgl. 4.95 € Versandkosten.",lieferbar innerhalb von 2-5 Werktagen,2023-05-03 00:57:53.824284,-,Hinweis zur Aufbewahrung: Nach dem Öffnen im Kühlschrank aufbewahren und innerhalb von 2 Tagen verbrauchen.,"Verantwortliches Lebensmittelunternehmen:
Alnatura GmbH, Mahatma-Gandhi-Straße 7, 64295 Darmstadt","Zutatenverzeichnis: Tomatenmark* einfach konzentriert 82%, Sonnenblumenöl*, Karotten* 5%, Zwiebeln* 4%, Apfelsaftkonzentrat*, Meersalz, Paprikapulver*, Basilikum*, Oregano*, Zitronensaftkonzentrat* *aus biologischer Landwirtschaft . Kann Spuren von SOJA, CASHEWNUSS und SELLERIE enthalten.",429,103,"5,8","0,7","9,5","7,9","2,1","1,2",https://www.edeka24.de/Lebensmittel/Sossen/Tomatensosse-Pesto/Alnatura-Bio-Tomatensauce-Klassik-350ML.html,https://www.edeka24.de/out/pictures/generated/product/1/540_540_90/alnatura_bio_tomatensauce_klassik_350_ml.jpg
2151,Lebensmittel,Soßen,Tomatensoße-Pesto,Alnatura Bio Vegetarische Soja-Bolognese 350ML,"2,69 €","7,69 €/l","inkl. MwSt., zzgl. 4.95 € Versandkosten.",lieferbar innerhalb von 2-5 Werktagen,2023-05-03 00:57:57.239220,Bio Tomatensauce mit Gemüse und Sojaschnetzel,Hinweis zur Aufbewahrung: Nach dem Öffnen im Kühlschrank aufbewahren und innerhalb von 1-2 Tagen verbrauchen.,"Verantwortliches Lebensmittelunternehmen:
Alnatura Produktions- und Handels GmbH, Mahatma-Gandhi-Str. 7, 64295 Darmstadt","Zutatenverzeichnis: Tomatenmark* einfach konzentriert 46 %, Gemüse* 42 % (in veränderlichen Gewichtsanteilen: Tomaten*, Zwiebeln*, Karotten*, Paprika*, Zucchini*, Lauch*), Sojaeiweißerzeugnis* 4%, Sonnenblumenöl*, Rohrohrzucker*, Meersalz, Maisstärke*, SOJASAUCE* (Wasser, SOJABOHNEN*, Meersalz), Weißweinessig*, Zitronensaftkonzentrat*, Basilikum*, Knoblauch*, Paprikapulver*, Oregano*, Thymian*, Pfeffer* *aus biologischer Landwirtschaft . Kann Spuren von CASHEWNUSS und SELLERIE enthalten.",342,82,"2,8","0,3",9,"7,4",4,"1,3",https://www.edeka24.de/Lebensmittel/Sossen/Tomatensosse-Pesto/Alnatura-Bio-Vegetarische-Soja-Bolognese-350ML.html,https://www.edeka24.de/out/pictures/generated/product/1/540_540_90/alnaturavegetarischesojabolo.jpg
2152,Lebensmittel,Soßen,Tomatensoße-Pesto,Alnatura Bio Tomatensauce Toscana 325ML,"1,79 €","5,51 €/l","inkl. MwSt., zzgl. 4.95 € Versandkosten.",lieferbar innerhalb von 2-5 Werktagen,2023-05-03 00:58:00.655077,"Bio Tomatensauce mit Gemüse, Toskana Art",Hinweis zur Aufbewahrung: Nach dem Öffnen im Kühlschrank aufbewahren und innerhalb von 5 Tagen verbrauchen.,"Verantwortliches Lebensmittelunternehmen:
Alnatura Produktions- und Handels GmbH, Mahatma-Gandhi-Str. 7, 64295 Darmstadt","Zutatenverzeichnis: Tomaten* 94%, Gemüse* 5,5% (in veränderlichen Gewichtsanteilen:Karotten*, Zwiebeln*, SELLERIE*), Basilikum*, Meersalz *aus biologischer Landwirtschaft. Kann GLUTEN enthalten.",118,28,"0,2",0,"4,2","3,5","1,1","0,7",https://www.edeka24.de/Lebensmittel/Sossen/Tomatensosse-Pesto/Alnatura-Bio-Tomatensauce-Toscana-325ML.html,https://www.edeka24.de/out/pictures/generated/product/1/540_540_90/4104420031081alnaturabiotomatensaucetoscana.png
2153,Lebensmittel,Soßen,Tomatensoße-Pesto,Oro Di Parma Tomaten passiert 400G,"2,09 €","5,23 €/kg","inkl. MwSt., zzgl. 4.95 € Versandkosten.",lieferbar innerhalb von 2-5 Werktagen,2023-05-03 00:58:04.167056,Passierte Tomaten,Hinweis zur Aufbewahrung: Nach Anbruch im Kühlschrank aufbewahren.,"Verantwortliches Lebensmittelunternehmen:
Hengstenberg, 73726 Esslingen","Zutatenverzeichnis: Passierte Tomaten, Salz., Säureregulator Citronensäure.",112,27,"0,5","0,1",4,4,"1,3","0,55",https://www.edeka24.de/Lebensmittel/Sossen/Tomatensosse-Pesto/Oro-Di-Parma-Tomaten-passiert-400G-oxid.html,https://www.edeka24.de/out/pictures/generated/product/1/540_540_90/oro_di_parma_tomaten_passiert_400g(1).jpg
2154,Lebensmittel,Soßen,Tomatensoße-Pesto,Knorr Tomato al Gusto Arrabiata 370G,"1,89 €","5,11 €/kg","inkl. MwSt., zzgl. 4.95 € Versandkosten.",lieferbar innerhalb von 2-5 Werktagen,2023-05-03 00:58:07.587715,Tomatenstückchen mit Chili,Hinweis zur Aufbewahrung: Geöffnete Packung im Kühlschrank bei max. +6 C 2 Tage haltbar.,"Verantwortliches Lebensmittelunternehmen:
Unilever Deutschland Holding GmbH, Am Strandkai 1 , D-20457 Hamburg","Zutatenverzeichnis: 83% Tomaten¹, 13% Tomatenmark¹, Speisesalz, Zucker, Petersilie, natives Olivenöl extra, Chili, Branntweinessig, modifizierte Stärke, Knoblauch, Paprika, Säuerungsmittel L(+)-Weinsäure. ¹aus nachhaltigem Tomatenanbau",35,150,"0,8","0,1",5,"4,5","1,5","1,1",https://www.edeka24.de/Lebensmittel/Sossen/Tomatensosse-Pesto/Knorr-Tomato-al-Gusto-Arrabiata-370G.html,https://www.edeka24.de/out/pictures/generated/product/1/540_540_90/knorr_tomato_al_gusto_arrabiata(1).jpg
2155,Lebensmittel,Soßen,Tomatensoße-Pesto,Alnatura Bio Tomatensauce Gegrilltes Gemüse 350ML,"2,69 €","7,69 €/l","inkl. MwSt., zzgl. 4.95 € Versandkosten.",lieferbar innerhalb von 2-5 Werktagen,2023-05-03 00:58:10.863721,-,Hinweis zur Aufbewahrung: Nach dem Öffnen im Kühlschrank aufbewahren und innerhalb von 2 Tagen verbrauchen.,"Verantwortliches Lebensmittelunternehmen:
Alnatura GmbH, Mahatma-Gandhi-Straße 7, 64295 Darmstadt","Zutatenverzeichnis: Tomaten* 65%, Paprika* gegrillt 12%, Zucchini* gegrillt 6,5%, Tomatenmark* zweifach konzentriert 6,5%, Paprika*, Zwiebeln* 2%, natives Olivenöl extra*, Rohrohrzucker*, Meersalz, Knoblauch*, Basilikum*, Zitronensaftkonzentrat* *aus biologischer Landwirtschaft. Kann Spuren von SOJA, CASHEWNUSS und SELLERIE enthalten.",237,57,"2,4","0,4","6,2","5,6","1,6","1,1",https://www.edeka24.de/Lebensmittel/Sossen/Tomatensosse-Pesto/Alnatura-Bio-Tomatensauce-Gegrilltes-Gemuese-350ML.html,https://www.edeka24.de/out/pictures/generated/product/1/540_540_90/bio_alnatura_tomatensauce_gegrilltes_gemamp252se_350ml.jpg
2156,Lebensmittel,Soßen,Tomatensoße-Pesto,Mutti Polpa Feinstes Tomatenfruchtfleisch 400G,"1,49 €","3,73 €/kg","inkl. MwSt., zzgl. 4.95 € Versandkosten.",lieferbar innerhalb von 2-5 Werktagen,2023-05-03 00:58:14.273310,Tomatenfruchtfleisch,Hinweis zur Aufbewahrung: Nach dem Öffnen im Kühlschrank aufbewahren und innerhalb von 5 Tagen verbrauchen.,"Verantwortliches Lebensmittelunternehmen:
Mutti S.P.A., Via Traversetolo 28 - 43022 Montechiarugolo Parma, Italia-Italy","Zutatenverzeichnis: Tomaten 99,8%, Salz.",110,26,"0,2","0,1","3,9","2,8","1,2","0,3",https://www.edeka24.de/Lebensmittel/Sossen/Tomatensosse-Pesto/Mutti-Polpa-Feinstes-Tomatenfruchtfleisch-400G.html,https://www.edeka24.de/out/pictures/generated/product/1/540_540_90/mutti_tompolpe_pomodoro_400g.jpg
2157,Lebensmittel,Soßen,Tomatensoße-Pesto,Oro di Parma Tomatenmark 200G,"2,19 €","10,95 €/kg","inkl. MwSt., zzgl. 4.95 € Versandkosten.",lieferbar innerhalb von 2-5 Werktagen,2023-05-03 00:58:17.351364,3-fach konzentriertes Tomatenmark,,"Verantwortliches Lebensmittelunternehmen:
Hengstberg GmbH & Co.KG, Mettinger Straße 109, D-73728 Esslingen","Zutatenverzeichnis: Tomatenmark, Salz",477,113,"0,6","0,13","17,5","17,5","5,875",1,https://www.edeka24.de/Lebensmittel/Sossen/Tomatensosse-Pesto/Oro-di-Parma-Tomatenmark-200G.html,https://www.edeka24.de/out/pictures/generated/product/1/540_540_90/oro_di_parma_tomatenmark_200g.jpg
2158,Lebensmittel,Soßen,Tomatensoße-Pesto,Barilla Pasta Sauce Ricotta 400G,"4,29 €","10,73 €/kg","inkl. MwSt., zzgl. 4.95 € Versandkosten.",lieferbar innerhalb von 2-5 Werktagen,2023-05-03 00:58:20.628835,Tomatensauce mit Ricotta-Käse,Hinweis zur Aufbewahrung: Nach dem Öffnen im Kühlschrank lagern und innerhalb von 5 Tagen verbrauchen,"Verantwortliches Lebensmittelunternehmen:
Barilla G. e R. Fratelli - Società per Azioni, Via Mantova 166, I-43122 Parma","Zutatenverzeichnis: Tomatenfruchtfleisch 58%, RICOTTA-KÄSE 12% (Molke (MILCH) SAHNE), Tomatenkonzentrat 8%, Zwiebel, Wasser, Sonnenblumenöl, GRANA PADANO KÄSE g.U. (Lysozym aus EI), PECORINO ROMANO KÄSE g.U., Salz, Petersilie, natürliches Aroma, Zucker, Reisstärke",350,84,"5,8","1,6","4,1","3,5",3,"1,4",https://www.edeka24.de/Lebensmittel/Sossen/Tomatensosse-Pesto/Barilla-Pasta-Sauce-Ricotta-400G.html,https://www.edeka24.de/out/pictures/generated/product/1/540_540_90/barilla_pasta_sauce_ricotta.jpg
2159,Lebensmittel,Soßen,Tomatensoße-Pesto,Demeter Bio Delizie In Cucina Passierte Tomaten 700G,"2,29 €","3,27 €/kg","inkl. MwSt., zzgl. 4.95 € Versandkosten.",lieferbar innerhalb von 2-5 Werktagen,2023-05-03 00:58:24.449462,-,Hinweis zur Aufbewahrung: Nach dem Öffnen Kühl lagern und innerhalb von 3 Tagen verbrauchen.,"Verantwortliches Lebensmittelunternehmen:
Audia Food GmbH, Kaninenberghöhe 2, 45136 Essen",Zutatenverzeichnis: Tomaten*. *aus biologisch-dynamischer Landwirtschaft,131,31,"0,2",0,"4,5","4,3","1,6","0,01",https://www.edeka24.de/Lebensmittel/Sossen/Tomatensosse-Pesto/Demeter-Bio-Delizie-In-Cucina-Passierte-Tomaten-700G.html,https://www.edeka24.de/out/pictures/generated/product/1/540_540_90/demeter_delizie_passierte_tomaten_pomodoro_grob_700g.jpg
2160,Lebensmittel,Soßen,Tomatensoße-Pesto,Barilla Pesto Rosso 200G,"3,69 €","18,45 €/kg","inkl. MwSt., zzgl. 4.95 € Versandkosten.",lieferbar innerhalb von 2-5 Werktagen,2023-05-03 00:58:28.025099,"Pesto mit Tomaten, Basilikum und Aceto Balsamico Di Modena, g.g.A.",Hinweis zur Aufbewahrung: Nach dem Öffnen hält sich das Produkt im Kühlschrank 5 Tage.,"Verantwortliches Lebensmittelunternehmen:
Barilla G. e R. Fratelli - Società per Azioni, Via Mantova 166, I-43122 Parma","Zutatenverzeichnis: Tomatenfruchtfleisch 34,8%, Sonnenblumenöl, Tomatenmarkkoncentrat 15%, Glukosesirup, GRANA PADANO-KÄSE g.U. 4% (Lysozym aus EI), CASHEWNÜSSE , Salz, Basilikum 2,2%, Balsamico-Essig Aceto balsamico di Modena g.g.A. 2%, MOLKEPULVER, PECORINO ROMANO-KÄSE g.U. 1%, Zucker, Reisstärke, Knoblauch, Säureregulator: Milchsäure, Aroma (MILCH).KANN SPUREN VON ANDEREN SCHALENFRÜCHTEN ENTHALTEN.",328,1354,"29,5","3,8","10,7","8,5","3,8",3,https://www.edeka24.de/Lebensmittel/Sossen/Tomatensosse-Pesto/Barilla-Pesto-Rosso-200G.html,https://www.edeka24.de/out/pictures/generated/product/1/540_540_90/barillapestorosso.jpg
2161,Lebensmittel,Soßen,Tomatensoße-Pesto,Pomito Pizza & Pasta Sauce 500G,"2,59 €","5,18 €/kg","inkl. MwSt., zzgl. 4.95 € Versandkosten.",lieferbar innerhalb von 2-5 Werktagen,2023-05-03 00:58:31.456160,-,,"Verantwortliches Lebensmittelunternehmen:
Boschi Food & Beverage S.p.A., Via Ghiara 25, 43012 Fontanellato","Zutatenverzeichnis: Tomaten 91%, Zwiebeln 3%, Olivenöl 3%, Salz, Knoblauch 0,6%, Zucker, Petersilie 0,3%, natürliches Aroma von Knoblauch, Oregano 0,04%, Chili 0,02%.",65,271,"3,2","0,5","6,2","5,2","1,5","1,4",https://www.edeka24.de/Lebensmittel/Sossen/Tomatensosse-Pesto/Pomito-Pizza-Pasta-Sauce-500G.html,https://www.edeka24.de/out/pictures/generated/product/1/540_540_90/pomito_pizzaampamppasta_sauce_500g.jpg
2162,Lebensmittel,Soßen,Tomatensoße-Pesto,Barilla Pasta Sauce Arrabbiata 400G,"3,29 €","8,23 €/kg","inkl. MwSt., zzgl. 4.95 € Versandkosten.",lieferbar innerhalb von 2-5 Werktagen,2023-05-03 00:58:34.619410,Tomatensauce mit Chilischoten,Hinweis zur Aufbewahrung: Nach dem Öffnen im Kühlschrank lagern und innerhalb von 5 Tagen verbrauchen,"Verantwortliches Lebensmittelunternehmen:
Barilla G. e R. Fratelli - Società per Azioni, Via Mantova 166, I-43122 Parma","Zutatenverzeichnis: Tomatenfruchtfleisch 82%, Tomatenmarkkonzentrat 7,9%, Sonnenblumenöl, rote Gemüsepaprika, Knoblauch, Salz, Petersilie, Zucker, Chilischoten 0,1%",58,243,"3,1","0,3","5,2","4,5","1,4",1,https://www.edeka24.de/Lebensmittel/Sossen/Tomatensosse-Pesto/Barilla-Pasta-Sauce-Arrabbiata-400G.html,https://www.edeka24.de/out/pictures/generated/product/1/540_540_90/arrabbiata_400g.jpg
2163,Lebensmittel,Soßen,Tomatensoße-Pesto,Oro di Parma Basis für Pastasauce Classico 400G,"2,09 €","5,23 €/kg","inkl. MwSt., zzgl. 4.95 € Versandkosten.",lieferbar innerhalb von 2-5 Werktagen,2023-05-03 00:58:38.171211,-,,"Verantwortliches Lebensmittelunternehmen:
Hengstberg GmbH & Co.KG, Mettinger Straße 109, D-73728 Esslingen","Zutatenverzeichnis: Tomatenstücke, Tomatenmark, Sonnenblumenöl, Salz, Zwiebeln, Zucker, Basilikum, natürliches Zwiebel-Aroma",182,44,"1,7","0,52","4,7","4,6","1,375",1,https://www.edeka24.de/Lebensmittel/Sossen/Tomatensosse-Pesto/Oro-di-Parma-Basis-fuer-Pastasauce-Classico-400G.html,https://www.edeka24.de/out/pictures/generated/product/1/540_540_90/oro_di_parma_basis_fr_pastasauce_classico_400g.jpg
2164,Lebensmittel,Soßen,Tomatensoße-Pesto,Alnatura Bio Tomatensauce Basilikum 350ML,"2,69 €","7,69 €/l","inkl. MwSt., zzgl. 4.95 € Versandkosten.",lieferbar innerhalb von 2-5 Werktagen,2023-05-03 00:58:41.718393,-,Hinweis zur Aufbewahrung: Nach dem Öffnen im Kühlschrank aufbewahren und innerhalb von 4 Tagen verbrauchen.,"Verantwortliches Lebensmittelunternehmen:
Alnatura Produktions- und Handels GmbH, Mahatma-Gandhi-Str. 7, 64295 Darmstadt","Zutatenverzeichnis: Tomaten* 80%, Tomatenmark* zweifach konzentriert 12%, Zwiebeln* 3%, Basilikum* 2,2 %, Rohrohrzucker*, Meersalz, natives Olivenöl extra*, Zitronensaftkonzentrat* *aus biologischer Landwirtschaft . Kann Spuren von SOJA, CASHEWNUSS und SELLERIE enthalten.",210,50,"1,8","0,3",6,"5,8","1,7",1,https://www.edeka24.de/Lebensmittel/Sossen/Tomatensosse-Pesto/Alnatura-Bio-Tomatensauce-Basilikum-350ML.html,https://www.edeka24.de/out/pictures/generated/product/1/540_540_90/alnaturatomsaubasilikum.jpg
2165,Lebensmittel,Soßen,Tomatensoße-Pesto,Knorr Tomato al Gusto Kräuter Sauce 370G,"1,89 €","5,11 €/kg","inkl. MwSt., zzgl. 4.95 € Versandkosten.",lieferbar innerhalb von 2-5 Werktagen,2023-05-03 00:58:52.202387,Tomatenstückchen mit Kräutern,Hinweis zur Aufbewahrung: Geöffnete Packung im Kühlschrank bei max. +6 C 2 Tage haltbar.,"Verantwortliches Lebensmittelunternehmen:
Unilever Deutschland Holding GmbH, Am Strandkai 1 , D-20457 Hamburg","Zutatenverzeichnis: 96% Tomaten¹, Zucker, Speisesalz, modifizierte Stärke, natives Olivenöl extra, Säuerungsmittel L(+)-Weinsäure, Zwiebeln, Kräuter (Oregano, Petersilie, Thymian, Basilikum), Knoblauch, Pfeffer. ¹aus nachhaltigem Anbau. Kann Spuren von GLUTEN, MILCH, EI und SELLERIE enthalten.",140,35,"0,8","0,1",5,4,1,"1,3",https://www.edeka24.de/Lebensmittel/Sossen/Tomatensosse-Pesto/Knorr-Tomato-al-Gusto-Kraeuter-Sauce-370G.html,https://www.edeka24.de/out/pictures/generated/product/1/540_540_90/knorr_tomato_al_gusto_kruter_sauce(1).jpg
2166,Lebensmittel,Soßen,Tomatensoße-Pesto,Mutti Passierte Italienische Tomaten 700G,"2,59 €","3,70 €/kg","inkl. MwSt., zzgl. 4.95 € Versandkosten.",lieferbar innerhalb von 2-5 Werktagen,2023-05-03 00:58:55.707813,-,Hinweis zur Aufbewahrung: Nach dem Öffnen im Kühlschrank aufbewahren und innerhalb von 3 Tagen verbrauchen.,"Verantwortliches Lebensmittelunternehmen:
Mutti S.P.A., Via Traversetolo 28, 43022 Montechiarugolo Parma-Italia","Zutatenverzeichnis: Tomaten 99,5%, Salz",149,36,"0,3","0,1","5,1","4,5","1,6","0,65",https://www.edeka24.de/Lebensmittel/Sossen/Tomatensosse-Pesto/Mutti-Passierte-Italienische-Tomaten-700G.html,https://www.edeka24.de/out/pictures/generated/product/1/540_540_90/mutti_passierte_italienische_tomaten_700_g.jpg
2167,Lebensmittel,Soßen,Tomatensoße-Pesto,Oro di Parma Tomaten stückig scharf 400G,"2,09 €","5,23 €/kg","inkl. MwSt., zzgl. 4.95 € Versandkosten.",lieferbar innerhalb von 2-5 Werktagen,2023-05-03 00:58:59.378175,"geschälte stückige Tomaten, scharf",,"Verantwortliches Lebensmittelunternehmen:
Hengstberg GmbH & Co.KG, Mettinger Straße 109, D-73728 Esslingen","Zutatenverzeichnis: Tomatenstücke, Paprikastücke (1 %), Salz, Paprika, natürliches Paprika-Aroma.",103,25,"0,4","0,09",3,3,"1,1","0,59",https://www.edeka24.de/Lebensmittel/Sossen/Tomatensosse-Pesto/Oro-di-Parma-Tomaten-stueckig-scharf-400G.html,https://www.edeka24.de/out/pictures/generated/product/1/540_540_90/oro_di_parma_tomaten_stckig_scharf_400g.jpg
2168,Lebensmittel,Soßen,Tomatensoße-Pesto,Alnatura Bio Pesto Basilico 130G,"2,99 €","23,00 €/kg","inkl. MwSt., zzgl. 4.95 € Versandkosten.",lieferbar innerhalb von 2-5 Werktagen,2023-05-03 00:59:03.073819,Bio Basilikum-Würzpaste,"Hinweis zur Aufbewahrung: Nach dem Öffnen im Kühlschrank aufbewahren, mit Öl bedecken und innerhalbt von 5 Tagen aufbrauchen.","Verantwortliches Lebensmittelunternehmen:
Alnatura Produktions- und Handels GmbH, Mahatma-Gandhi-Str. 7, 64295 Darmstadt","Zutatenverzeichnis: Basilikum* 55%, Sonnenblumenöl*, Kartoffelflocken*, natives Olivenölextra*, Pinienkerne* 0,5%, Meersalz, Zitronensaft* *aus biologischerLandwirtschaft.",1584,384,39,"2,4","5,2",0,"1,9","2,2",https://www.edeka24.de/Lebensmittel/Sossen/Tomatensosse-Pesto/Alnatura-Bio-Pesto-Basilico-130G.html,https://www.edeka24.de/out/pictures/generated/product/1/540_540_90/alnatura_bio_pesto_basilico_130_g.jpg
2169,Lebensmittel,Soßen,Tomatensoße-Pesto,Mutti Tomatenmark 3-fach konzentriert 200G,"1,99 €","9,95 €/kg","inkl. MwSt., zzgl. 4.95 € Versandkosten.",lieferbar innerhalb von 2-5 Werktagen,2023-05-03 00:59:06.100721,Tomatenkonzentrat,Hinweis zur Aufbewahrung: Nach dem Öffnen im Kühlschrank aufbewahren und innerhalb von 20 Tagen verbrauchen.,"Verantwortliches Lebensmittelunternehmen:
Mutti S.p.a., Via Traversetolo 28, 43022 Montechiarugolo, Parma","Zutatenverzeichnis: Tomate 99,6%, Salz.",537,127,"0,2","0,1",23,16,"5,7","0,5",https://www.edeka24.de/Lebensmittel/Sossen/Tomatensosse-Pesto/Mutti-Tomatenmark-3-fach-konzentriert-200G.html,https://www.edeka24.de/out/pictures/generated/product/1/540_540_90/mutti_tomatenkonzentrat_3fach_tube_200g.jpg
2170,Lebensmittel,Soßen,Tomatensoße-Pesto,EDEKA Bio Tomatensauce Arrabbiata 350ML,"1,69 €","4,83 €/l","inkl. MwSt., zzgl. 4.95 € Versandkosten.",lieferbar innerhalb von 2-5 Werktagen,2023-05-03 00:59:09.424192,Scharfe Tomatensauce mit Chili,,"Verantwortliches Lebensmittelunternehmen:
EDEKA ZENTRALE Stiftung & Co. KG, D-22291 Hamburg","Zutatenverzeichnis: 54% Tomaten*,30% Tomatenmark doppelt konzentriert*, Wasser, Olivenöl*, roter Gemüsepaprika*, Rohrohrzucker*, Meersalz*, Kräuter*, Knoblauch*, 0,15% Chili*, Zitronensaft aus Zitronensaftkonzentrat*. *aus kontrolliert ökologischer Landwirtschaft",306,73,"2,8","0,4","8,3","5,8","2,1","1,1",https://www.edeka24.de/Lebensmittel/Sossen/Tomatensosse-Pesto/EDEKA-Bio-Tomatensauce-Arrabbiata-350ML.html,https://www.edeka24.de/out/pictures/generated/product/1/540_540_90/edeka_bio_tomatensauce_arrabbiata_350ml.jpg
2171,Lebensmittel,Soßen,Tomatensoße-Pesto,Audia Food Terre di Liguria Pesto alla Genovese 180G,"6,49 €","36,06 €/kg","inkl. MwSt., zzgl. 4.95 € Versandkosten.",lieferbar innerhalb von 2-5 Werktagen,2023-05-03 00:59:13.258407,-,Hinweis zur Aufbewahrung: Nach Anbruch im Kühlschrank bedeckt mit Öl noch 15 Tage haltbar.,"Verantwortliches Lebensmittelunternehmen:
Audia Food GmbH, Kaninenberghöhe 2, 45136 Essen","Zutatenverzeichnis: Frisches Basilikum, Sonnenblumenöl, Pinienkerne 15%, Natives Olivenöl Extra 10%, PARMIGIANO REGGIANO D.O.P. (KUHMILCH, Salz, Lab), Salz, Knoblauch, Weinessig.",2477,602,64,"8,2","1,8","0,5","4,6","4,4",https://www.edeka24.de/Lebensmittel/Sossen/Tomatensosse-Pesto/Audia-Food-Terre-di-Liguria-Pesto-alla-Genovese-180G.html,https://www.edeka24.de/out/pictures/generated/product/1/540_540_90/terrediliguriapestogenovese.jpg
2172,Lebensmittel,Soßen,Tomatensoße-Pesto,Barilla Pesto Basilico e Rucola 190G,"3,69 €","19,42 €/kg","inkl. MwSt., zzgl. 4.95 € Versandkosten.",lieferbar innerhalb von 2-5 Werktagen,2023-05-03 00:59:16.730092,Pesto mit Basilikum und Rucola,Hinweis zur Aufbewahrung: Nach dem Öffnen im Kühlschrank lagern und innerhalb von 5 Tagen verbrauchen,"Verantwortliches Lebensmittelunternehmen:
Barilla G. e R. Fratelli - Società per Azioni, Via Mantova 166, I-43122 Parma","Zutatenverzeichnis: Sonnenblumenöl 38,5%, Basilikum 20,7%, Petersilie 11,8%, Glukosesirup, SCHAFKÄSE PECORINO ROMANO g.U., CASHEWKERNE, MOLKEPULVER, RICOTTA-KÄSE (MOLKE, MILCH), Salz, Rucola 1,5%, Majoran, Zucker, Thymian, BUTTERMILCHPULVER (MILCH), Säureregulator: Zitronensäure, natürliche Aromen (MILCH), Knoblauch. ENTHÄLT SPUREN VON ANDEREN SCHALENFRÜCHTEN.",1854,443,"42,5",5,"10,2",5,"3,9","3,1",https://www.edeka24.de/Lebensmittel/Sossen/Tomatensosse-Pesto/Barilla-Pesto-Basilico-e-Rucola-190G.html,https://www.edeka24.de/out/pictures/generated/product/1/540_540_90/barilla_pesto_basilico_e_rucola.jpg
2173,Lebensmittel,Soßen,Tomatensoße-Pesto,Bertolli Pesto Rosso 185G,"3,49 €","18,86 €/kg","inkl. MwSt., zzgl. 4.95 € Versandkosten.",lieferbar innerhalb von 2-5 Werktagen,2023-05-03 00:59:19.991438,"Pesto auf Basis von Tomaten, italienischem Käse 10%, extra Olivenöl aus erster Pressung","Hinweis zur Aufbewahrung: Kühl, dunkel und trocken lagern. Nach dem Öffnen im Kühlschrank lagern und innerhalb von 4 Tagen verbrauchen.","Verantwortliches Lebensmittelunternehmen:
Enrico BV, Bertolli, Rijnkade 8, 1382 GS Weesp (Niederlande)","Zutatenverzeichnis: 40% Tomatenpüree, 19% Sonnenblumenöl, Olivenöl extra vergine, 10% ITALIENISCHER KÄSE (GRANA PADANO G.U. 1 KÄSE 5 % (Milch, LYSOZIM AUS EI), PECORINO ROMANO KÄSE G.U.1 5 % (SCHAFSMILCH)), getrocknete Tomaten 5 % CASHEWNUSS, Basilikum,Tomatenpulver, Salz, PINIENKERNE, Knoblauch 0,9%, 1%, Emulgator E322, Cayennepfeffer, Säuerungsmittel (E330).Enthält ERDNÜSSE und deren Produkte. 1Geschützte Herkunftsbezeichnung.",1629,389,36,"6,6","8,4","7,1","6,6","2,5",https://www.edeka24.de/Lebensmittel/Sossen/Tomatensosse-Pesto/Bertolli-Pesto-Rosso-185G.html,https://www.edeka24.de/out/pictures/generated/product/1/540_540_90/bertolli_pesto_rosso_185g.jpg
2174,Lebensmittel,Soßen,Tomatensoße-Pesto,Alnatura Bio Tomatensauce Kräuter 350ML,"2,69 €","7,69 €/l","inkl. MwSt., zzgl. 4.95 € Versandkosten.",lieferbar innerhalb von 2-5 Werktagen,2023-05-03 00:59:23.436011,-,Hinweis zur Aufbewahrung: Nach dem Öffnen im Kühlschrank aufbewahren und innerhalb von 4 Tagen verbrauchen.,"Verantwortliches Lebensmittelunternehmen:
Alnatura Produktions- und Handels GmbH, Mahatma-Gandhi-Str. 7, 64295 Darmstadt","Zutatenverzeichnis: Tomaten* 65%, Tomatenmark* zweifach konzentriert 11%, Zwiebeln* 9%, Wasser, natives Olivenöl extra*, Meersalz, Petersilie*, Knoblauch*, Thymian*, Rohrohrzucker*, Zitronensaftkonzentrat*, Oregano*, Pfeffer* *aus biologischer Landwirtschaft. Kann Spuren von SOJA, CASHEWNUSS und SELLERIE enthalten.",278,67,"3,9","0,6","5,6","5,4","1,6","0,8",https://www.edeka24.de/Lebensmittel/Sossen/Tomatensosse-Pesto/Alnatura-Bio-Tomatensauce-Kraeuter-350ML.html,https://www.edeka24.de/out/pictures/generated/product/1/540_540_90/bio_alnatura_tomatensauce_kramp228uter_350ml.jpg
2175,Lebensmittel,Soßen,Tomatensoße-Pesto,Oro di Parma Tomaten passiert 400G,"2,09 €","5,23 €/kg","inkl. MwSt., zzgl. 4.95 € Versandkosten.",lieferbar innerhalb von 2-5 Werktagen,2023-05-03 00:59:26.772217,-,,"Verantwortliches Lebensmittelunternehmen:
Hengstberg GmbH & Co.KG, Mettinger Straße 109, D-73728 Esslingen","Zutatenverzeichnis: passierte Tomaten, Salz. Säureregulator Citronensäure.",33,138,"0,2","0,09","4,9","4,9","1,375","0,5",https://www.edeka24.de/Lebensmittel/Sossen/Tomatensosse-Pesto/Oro-di-Parma-Tomaten-passiert-400G.html,https://www.edeka24.de/out/pictures/generated/product/1/540_540_90/oro_di_parma_tomaten_passiert_400g.jpg
2176,Lebensmittel,Soßen,Tomatensoße-Pesto,Oro di Parma Tomaten stückig mit Kräutern 400G,"2,09 €","5,23 €/kg","inkl. MwSt., zzgl. 4.95 € Versandkosten.",lieferbar innerhalb von 2-5 Werktagen,2023-05-03 00:59:30.173960,Geschälte stückige Tomaten mit Kräutern,,"Verantwortliches Lebensmittelunternehmen:
Hengstberg GmbH & Co.KG, Mettinger Straße 109, D-73728 Esslingen","Zutatenverzeichnis: Tomatenstücke, Kräuter (Basilikum, Thymian, Oregano), Zucker, Salz, natürliche Kräuter-Gewürz-Aromen, natürliches Aroma",28,116,"0,3","0,09","3,5","3,5","1,25","0,75",https://www.edeka24.de/Lebensmittel/Sossen/Tomatensosse-Pesto/Oro-di-Parma-Tomaten-stueckig-mit-Kraeutern-400G.html,https://www.edeka24.de/out/pictures/generated/product/1/540_540_90/oro_di_parma_tomaten_stckig_mit_krutern_400g.jpg
2177,Lebensmittel,Soßen,Tomatensoße-Pesto,Alnatura Bio Tomatensauce Bolognese 330ML,"3,49 €","10,58 €/l","inkl. MwSt., zzgl. 4.95 € Versandkosten.",lieferbar innerhalb von 2-5 Werktagen,2023-05-03 00:59:33.769721,Bio Tomatensauce Bolognese mit Rind - und Schweinefleisch,Hinweis zur Aufbewahrung: Nach dem Öffnen im Kühlschrank aufbewahren und innerhalb von 2 Tagen verbrauchen.,"Verantwortliches Lebensmittelunternehmen:
Alnatura GmbH, Mahatma-Gandhi-Straße 7, 64295 Darmstadt","Zutatenverzeichnis: Tomaten* 37%, Tomatenmark* zweifach konzentriert 17%, Wasser, Rindfleisch* 10%, Schweinefleisch* 10%, Karotten* 3%, Zucchini* 3%, Zwiebeln* 2,5%, SELLERIE*, natives Olivenöl extra*, Rohrohrzucker*, Meersalz, Zitronensaftkonzentrat*, Knoblauch*, Basilikum*, Oregano* *aus biologischer Landwirtschaft. Kann Spuren von SOJA und CASHEWNUSS enthalten.",420,101,6,"1,9","5,9","5,6","5,1","0,9",https://www.edeka24.de/Lebensmittel/Sossen/Tomatensosse-Pesto/Alnatura-Bio-Tomatensauce-Bolognese-330ML.html,https://www.edeka24.de/out/pictures/generated/product/1/540_540_90/bio_alnatura_bolognese_sauce_330ml.jpg
2178,Lebensmittel,Soßen,Tomatensoße-Pesto,Barilla Pesto alla Siciliana 190G,"3,69 €","19,42 €/kg","inkl. MwSt., zzgl. 4.95 € Versandkosten.",lieferbar innerhalb von 2-5 Werktagen,2023-05-03 00:59:37.780447,"Pesto-Sauce mit Ricotta-Käse, Walnüssen und Cashewkernen",Hinweis zur Aufbewahrung: Nach dem Öffnen im Kühlschrank lagern und innerhalb von 5 Tagen verbrauchen,"Verantwortliches Lebensmittelunternehmen:
Barilla G. e R. Fratelli - Società per Azioni, Via Mantova 166, I-43122 Parma","Zutatenverzeichnis: Sonnenblumenöl, RICOTTA-KÄSE (MOLKE, MILCH) 20%, Tomatenfruchtfleisch, Glukosesirup, Tomatenmarkkonzentrat, WALNÜSSE 5%, Basilikum 3,8%, GRANA PADANO g.U. KÄSE (Lysozym au EI), Salz, CASHEW-KERNE 2,4%, MOLKEpulver, Reisstärke, Zucker, Säureregulator: Milchsäure, Knoblauch, naturliche Aromen (MILCH), Buttermilchpulver (MILCH). KANN SPUREN VON WEITEREN SCHALENFRÜCHTEN ENTHALTEN.",1676,405,"36,5",5,"13,2","6,5","5,2","2,5",https://www.edeka24.de/Lebensmittel/Sossen/Tomatensosse-Pesto/Barilla-Pesto-alla-Siciliana-190G.html,https://www.edeka24.de/out/pictures/generated/product/1/540_540_90/barilla_pesto_alla_siciliana.jpg
2179,Lebensmittel,Soßen,Tomatensoße-Pesto,Barilla Pasta Sauce Base per Bolognese 400G,"3,29 €","8,23 €/kg","inkl. MwSt., zzgl. 4.95 € Versandkosten.",lieferbar innerhalb von 2-5 Werktagen,2023-05-03 00:59:41.538328,Tomatensauce für Bolognese,Hinweis zur Aufbewahrung: Nach dem Öffnen im Kühlschrank lagern und innerhalb von 5 Tagen verbrauchen,"Verantwortliches Lebensmittelunternehmen:
Barilla G. e R. Fratelli - Società per Azioni, Via Mantova 166, I-43122 Parma","Zutatenverzeichnis: Tomatenfruchtfleisch 40,9%, Wasser, Tomtenmarkkoncentrat 14%, Zwiebeln, Sonnenblumenöl, Karotten 3,5%, Salz, natüliche Aromen, Zucker, Basilikum 0,2%, Knoblauch",218,52,"2,5","0,2","5,3",4,"1,3",1,https://www.edeka24.de/Lebensmittel/Sossen/Tomatensosse-Pesto/Barilla-Pasta-Sauce-Base-per-Bolognese-400G.html,https://www.edeka24.de/out/pictures/generated/product/1/540_540_90/barilla_pastasaucebaseperbolognese.jpg
2180,Lebensmittel,Soßen,Tomatensoße-Pesto,Herr Edelmann Pesto Rosso 190G,"2,29 €","12,05 €/kg","inkl. MwSt., zzgl. 4.95 € Versandkosten.",lieferbar innerhalb von 2-5 Werktagen,2023-05-03 00:59:44.903397,Herr Edelmann Pesto Rosso traditionale italiano,"Hinweis zur Aufbewahrung: Kühl und trocken lagern. Nach erster Öffnung wieder gut verschließen, im Kühlschrank aufbewahren und innerhalb 7 Tagen konsumieren.","Verantwortliches Lebensmittelunternehmen:
L. Huberti GmbH, Hindenburgstraße 7, 40667 Meerbusch","Zutatenverzeichnis: Getrocknete Tomaten 40%, Sonnenblumenöl, Basilikum, Tomatenpüree 5%, Salz, CASHEWKERNE, natives Olivenöl extra, Grana Padano DOP Käse (MILCH, EI), Weinessig (SULFITE), Rote Beete, Antioxidationsmittel: Ascorbinsäure, Säuerungsmittel: Zitronensäure, Kann SOJA enthalten.",1480,359,"36,2","4,1","4,8","2,8","2,2","3,2",https://www.edeka24.de/Lebensmittel/Sossen/Tomatensosse-Pesto/Herr-Edelmann-Pesto-Rosso-190G.html,https://www.edeka24.de/out/pictures/generated/product/1/540_540_90/herr_edelmann_pesto_rosso_190g.jpg
2181,Lebensmittel,Soßen,Tomatensoße-Pesto,Barilla Pasta Sauce Basilico 400G,"3,29 €","8,23 €/kg","inkl. MwSt., zzgl. 4.95 € Versandkosten.",lieferbar innerhalb von 2-5 Werktagen,2023-05-03 00:59:48.513819,Tomatensauce in Basilikum,Hinweis zur Aufbewahrung: Nach dem Öffnen im Kühlschrank lagern und innerhalb von 5 Tagen verbrauchen,"Verantwortliches Lebensmittelunternehmen:
Barilla G. e R. Fratelli - Società per Azioni, Via Mantova 166, I-43122 Parma","Zutatenverzeichnis: Tomatenfruchtfleisch 71%, Tomatenmarkkonzentrat 13,5%, Zwiebeln, Sonnenblumenöl, Basilikum 2%, Zucker, Salz, natürliches Aroma",61,255,"2,7","0,4","6,8","6,1","1,6",1,https://www.edeka24.de/Lebensmittel/Sossen/Tomatensosse-Pesto/Barilla-Pasta-Sauce-Basilico-400G.html,https://www.edeka24.de/out/pictures/generated/product/1/540_540_90/barilla_pasta_sauce_basilico_gro.jpg
2182,Lebensmittel,Soßen,Tomatensoße-Pesto,Oro di Parma Tomaten stückig 400G,"2,09 €","5,23 €/kg","inkl. MwSt., zzgl. 4.95 € Versandkosten.",lieferbar innerhalb von 2-5 Werktagen,2023-05-03 00:59:51.771344,"stückige, geschälte Tomaten",,"Verantwortliches Lebensmittelunternehmen:
Hengstberg GmbH & Co.KG, Mettinger Straße 109, D-73728 Esslingen","Zutatenverzeichnis: Stückige Tomaten, Salz., Säureregulator Citronensäure",23,95,"0,2","0,09",3,3,"1,063","0,5",https://www.edeka24.de/Lebensmittel/Sossen/Tomatensosse-Pesto/Oro-di-Parma-Tomaten-stueckig-400G.html,https://www.edeka24.de/out/pictures/generated/product/1/540_540_90/oro_di_parma_tomaten_stckig_400g.jpg
2183,Lebensmittel,Soßen,Tomatensoße-Pesto,Barilla Pesto Calabrese 190G,"3,69 €","19,42 €/kg","inkl. MwSt., zzgl. 4.95 € Versandkosten.",lieferbar innerhalb von 2-5 Werktagen,2023-05-03 00:59:54.776315,Pesto mit Paprika und Ricotta-Käse,Hinweis zur Aufbewahrung: Nach dem Öffnen im Kühlschrank lagern und innerhalb von 5 Tagen verbrauchen,"Verantwortliches Lebensmittelunternehmen:
Barilla G. e R. Fratelli - Società per Azioni, Via Mantova 166, I-43122 Parma","Zutatenverzeichnis: rote Gemüsepaprika 37%, Sonnenblumenöl, RICOTTA-KÄSE (MOLKE, MILCH) 14%, Glukosesirup, Zwiebeln, Tomatenmarkkonzentrat 3%, Salz, MOLKepulver, PECORINO ROMANO g.U. KÄSE 1,6%, GRANA PADANO g.U. KÄSE 1,4% (Lysozym au EI), Reisstärke, Zucker, Säureregulator: Milchsäure, Chilischoten 0,1%, Oregano 0,08%, naturliche Aromen (MILCH). KANN SPUREN VON WEITEREN SCHALENFRÜCHTEN ENTHALTEN.",325,1343,29,4,"12,2",6,3,"2,75",https://www.edeka24.de/Lebensmittel/Sossen/Tomatensosse-Pesto/Barilla-Pesto-Calabrese-190G.html,https://www.edeka24.de/out/pictures/generated/product/1/540_540_90/barilla_pesto_calabrese.jpg
2184,Lebensmittel,Soßen,Tomatensoße-Pesto,Alnatura Origin Bio Tomatensauce Sugo Piccante 325ML,"2,69 €","8,28 €/l","inkl. MwSt., zzgl. 4.95 € Versandkosten.",lieferbar innerhalb von 2-5 Werktagen,2023-05-03 00:59:58.135579,"Bio Tomatensauce mit Chili, pikant",Hinweis zur Aufbewahrung: Nach dem Öffnen im Kühlschrank aufbewahren und innerhalb von 5 Tagen verbrauchen.,"Verantwortliches Lebensmittelunternehmen:
Alnatura Produktions- und Handels GmbH, Mahatma-Gandhi-Str. 7, 64295 Darmstadt","Zutatenverzeichnis: Tomaten* 93%, Karotten*, Zwiebeln*, Meersalz, Chili* 0,5%, Paprika*,Basilikum*, SELLERIE* *aus biologischer Landwirtschaft.",118,28,"0,2","0,1","4,2","3,5","1,1","0,8",https://www.edeka24.de/Lebensmittel/Sossen/Tomatensosse-Pesto/Alnatura-Origin-Bio-Tomatensauce-Sugo-Piccante-325ML.html,https://www.edeka24.de/out/pictures/generated/product/1/540_540_90/alanaturasugopicante.jpg
2185,Lebensmittel,Soßen,Tomatensoße-Pesto,Alnatura Bio Pesto Rosso 120G,"2,99 €","24,92 €/kg","inkl. MwSt., zzgl. 4.95 € Versandkosten.",lieferbar innerhalb von 2-5 Werktagen,2023-05-03 01:00:01.858513,Bio Würzpaste mit Tomaten und Käse,"Hinweis zur Aufbewahrung: Nach dem Öffnen im Kühlschrank aufbewahren, mit Öl bedecken und innerhalb von 5 Tagen verbrauchen.","Verantwortliches Lebensmittelunternehmen:
Alnatura Produktions- und Handels GmbH, Mahatma-Gandhi-Str. 7, 64295 Darmstadt","Zutatenverzeichnis: Natives Olivenöl extra* 32%, Tomatenmark* zweifach konzentriert 30%, Tomaten* getrocknet 12%, HARTKÄSE* 7,2% (PARMESAN*, PECORINO*), Cashewnüsse* 5,6%, Basilikum* 3,7%, Pinienkerne* 3,3%, Knoblauch*, Apfelessig*, Meersalz *aus biologischer Landwirtschaft . Kann Spuren von SELLERIE enthalten.",1730,419,40,"5,9","8,9","4,9","5,8","0,47",https://www.edeka24.de/Lebensmittel/Sossen/Tomatensosse-Pesto/Alnatura-Bio-Pesto-Rosso-120G.html,https://www.edeka24.de/out/pictures/generated/product/1/540_540_90/bio_alnatura_pesto_rosso120g.jpg
2186,Lebensmittel,Soßen,Tomatensoße-Pesto,Bertolli Sauce Siciliana 400G,"2,99 €","7,48 €/kg","inkl. MwSt., zzgl. 4.95 € Versandkosten.",lieferbar innerhalb von 2-5 Werktagen,2023-05-03 01:00:05.436971,"Pastasauce mit 0,8% Olivenöl (EU), Tomaten (Italien), sonnengetrocknete Tomaten (Italien) und Weißwein (Italien).",Hinweis zur Aufbewahrung: Kühl und trocken lagern. Geöffnet maximal 3 Tage im Kühlschrank haltbar.,"Verantwortliches Lebensmittelunternehmen:
Enrico BV, Bertolli, Rijnkade 8, 1382 GS Weesp (Niederlande)","Zutatenverzeichnis: Tomaten (52%), Tomatenmark (21%), konzentriertes Tomatenmark (10%), Wasser, Sonnenblumenöl, Weißwein (1,8%), Zwiebel, Karotte, sonnengetrocknete Tomaten (1,1%), Knoblauch, STAUDENDSELLERIE, Salz, extra Vergine Olivenöl (0,8%), Oregano, Thymian, Rosmarin, Lorbeer, Basilikum, Weißweinessig, Chili.",78,325,"4,6","0,5","6,6","5,3","1,9",1,https://www.edeka24.de/Lebensmittel/Sossen/Tomatensosse-Pesto/Bertolli-Sauce-Siciliana-400G.html,https://www.edeka24.de/out/pictures/generated/product/1/540_540_90/bertolli_sauce_siciliana_400g.jpg
2187,Lebensmittel,Soßen,Tomatensoße-Pesto,Alnatura Bio Pesto Verde 120G,"2,89 €","24,08 €/kg","inkl. MwSt., zzgl. 4.95 € Versandkosten.",lieferbar innerhalb von 2-5 Werktagen,2023-05-03 01:00:08.965243,"Bio Würzpaste mit Basilikum, Nüssen und Käse","Hinweis zur Aufbewahrung: Nach dem Öffnen im Kühlschrank aufbewahren, mit Öl bedecken und innerhalb einer Woche aufbrauchen.","Verantwortliches Lebensmittelunternehmen:
Alnatura Produktions- und Handels GmbH, Mahatma-Gandhi-Str. 7, 64295 Darmstadt","Zutatenverzeichnis: Natives Olivenöl extra* 37%, NÜSSE* 28% (WALNÜSSE*, CASHEWNÜSSE*,Pinienkerne*), Basilikum* 25%, HARTKÄSE* 7% (PECORINO*, PARMESAN*),Meersalz, Knoblauch* *aus biologischer Landwirtschaft.",2510,609,60,11,"8,1","2,8","7,8","2,4",https://www.edeka24.de/Lebensmittel/Sossen/Tomatensosse-Pesto/Alnatura-Bio-Pesto-Verde-120G.html,https://www.edeka24.de/out/pictures/generated/product/1/540_540_90/alnatura_bio_pesto_verde.jpg
2188,Lebensmittel,Soßen,Tomatensoße-Pesto,Herr Edelmann Pesto Genovese 190G,"2,29 €","12,05 €/kg","inkl. MwSt., zzgl. 4.95 € Versandkosten.",lieferbar innerhalb von 2-5 Werktagen,2023-05-03 01:00:12.373853,Pesto Genovese tradizionale Italiano,"Hinweis zur Aufbewahrung: Kühl und trocken lagern. Nach erster Öffnung wieder gut verschließen, im Kühlschrank aufbewahren und innerhalb von 7 Tagen konsumieren.","Verantwortliches Lebensmittelunternehmen:
L. Huberti GmbH, Hindenburgstr. 7, 40667 Meerbusch","Zutatenverzeichnis: Basilikum 38%, Sonnenblumenöl, Grana Padano DOP Käse (MILCH, EI) natives Olivenöl extra, Salz, CASHEWKERNE, Kartoffelflocken (Gewürze), Zucker, Pinienkerne, Pecorino Romano DOP Käse (SCHAFSMILCH), Knoblauch, Säuerungsmittel: Milchsäure. Kann SOJA enthalten.",1728,419,"41,4","5,9","7,7","1,8","3,2","3,2",https://www.edeka24.de/Lebensmittel/Sossen/Tomatensosse-Pesto/Herr-Edelmann-Pesto-Genovese-190G.html,https://www.edeka24.de/out/pictures/generated/product/1/540_540_90/herr_edelmann_pesto_genovese_tradizionale_italiano_190g.jpg
2189,Lebensmittel,Soßen,Tomatensoße-Pesto,Hengstenberg Paprika-Tomaten-Mark mit Chili 100G,"1,99 €","19,90 €/kg","inkl. MwSt., zzgl. 4.95 € Versandkosten.",lieferbar innerhalb von 2-5 Werktagen,2023-05-03 01:00:15.728696,"Paprika- und Tomatenmark mit Chili, gewürzt.",Hinweis zur Aufbewahrung: Nach Anbruch im Kühlschrank aufbewahren.,"Verantwortliches Lebensmittelunternehmen:
Hengstenberg, 73726 Esslingen","Zutatenverzeichnis: Paprikamark (63%), Tomatenmark 3-fach konzentriert (30%), Sonnenblumenöl, Chilipüree (1%), Gemüseextrakte (Zwiebel, Karotte, SELLERIE, Lauch), Salz, Gewürze, Gewürzextrakt, natürliches Zwiebel-Gewürz-Aroma.",334,79,"2,2","0,2",10,"9,5","2,4",2,https://www.edeka24.de/Lebensmittel/Sossen/Tomatensosse-Pesto/Hengstenberg-Paprika-Tomaten-Mark-mit-Chili-100G.html,https://www.edeka24.de/out/pictures/generated/product/1/540_540_90/hengstenberg_paprikatomatenmark_mit_chili_100g.jpg
2190,Lebensmittel,Soßen,Tomatensoße-Pesto,Oro di Parma Tomatenmark mit Würzgemüse 200G,"2,19 €","10,95 €/kg","inkl. MwSt., zzgl. 4.95 € Versandkosten.",lieferbar innerhalb von 2-5 Werktagen,2023-05-03 01:00:19.152922,Tomatenmark mit Würzgemüse,"Hinweis zur Aufbewahrung: Geöffnet, im Kühlschrank frisch halten","Verantwortliches Lebensmittelunternehmen:
Hengstberg GmbH & Co.KG, Mettinger Straße 109, D-73728 Esslingen","Zutatenverzeichnis: Tomatenmark (2-fach konzentriert), 14% Gemüse in veränderlichen Gewichtsanteilen (Karotte, Zwiebel, SELLERIE), Zucker, Sonnenblumenöl, Kräuter, Salz",425,101,3,"0,39","13,2","13,2","2,813","1,8",https://www.edeka24.de/Lebensmittel/Sossen/Tomatensosse-Pesto/Oro-di-Parma-Tomatenmark-mit-Wuerzgemuese-200G.html,https://www.edeka24.de/out/pictures/generated/product/1/540_540_90/oro_di_parma_tomatenmark_mit_wrzgemse_200g.jpg
2191,Lebensmittel,Soßen,Tomatensoße-Pesto,Mutti Filetti Pomodori Tomatenviertel 400G,"2,19 €","9,13 €/kg","inkl. MwSt., zzgl. 4.95 € Versandkosten.",lieferbar innerhalb von 2-5 Werktagen,2023-05-03 01:00:22.690781,Abtropfgewicht 240G.,Hinweis zur Aufbewahrung: Nach dem Öffnen im Kühlschrank aufbewahren und innerhalb von 3 Tagen verbrauchen.,"Verantwortliches Lebensmittelunternehmen:
Mutti S.P.A., Via Traversetolo, 28 - 43022 Montechiarugolo Parma-ITALIA","Zutatenverzeichnis: Geschälte Tomaten in Viertel, Tomatensaft, Säureregulator: Zitronensäure.",22,92,0,0,"3,6","2,9","1,1","0,1",https://www.edeka24.de/Lebensmittel/Sossen/Tomatensosse-Pesto/Mutti-Filetti-Pomodori-Tomatenviertel-400G.html,https://www.edeka24.de/out/pictures/generated/product/1/540_540_90/mutti_pomodori_a_filetti_tomatenviertel.jpg
2192,Lebensmittel,Soßen,Tomatensoße-Pesto,Pomito Tomatenfruchtfleisch in Stücken 500G,"1,69 €","3,38 €/kg","inkl. MwSt., zzgl. 4.95 € Versandkosten.",lieferbar innerhalb von 2-5 Werktagen,2023-05-03 01:00:26.960298,Tomatenfruchtfleisch in Stücken,Hinweis zur Aufbewahrung: Bei Raumtemperatur lagern. Nach dem Öffnen die Packung im Kühlschrank aufbewahren und innerhalb von 3-4 Tagen verbrauchen.,"Verantwortliches Lebensmittelunternehmen:
Consorzio Casalasco del Pomodoro S.A.C., Strada Provinciale 32, 26036 Rivarolo del Re","Zutatenverzeichnis: Tomaten, Säureregulator: Citronensäure.",88,21,"0,5",0,3,3,1,"0,1",https://www.edeka24.de/Lebensmittel/Sossen/Tomatensosse-Pesto/Pomito-Tomatenfruchtfleisch-in-Stuecken-500G.html,https://www.edeka24.de/out/pictures/generated/product/1/540_540_90/pomito_stamp252ckige_tomaten_500g.jpg
2193,Lebensmittel,Soßen,Tomatensoße-Pesto,Gustibus Tomatensauce aus gelben Kirschtomaten 330G,"2,39 €","7,24 €/kg","inkl. MwSt., zzgl. 4.95 € Versandkosten.",lieferbar innerhalb von 2-5 Werktagen,2023-05-03 01:00:30.304114,-,Hinweis zur Aufbewahrung: Kühl und trocken lagern. Nach dem Öffnen kühl lagern und innerhalb von 4 Tagen verzehren.,"Verantwortliches Lebensmittelunternehmen:
Audia Food GmbH,Kaninenberghöhe 2, 45136 Essen","Zutatenverzeichnis: 97% passierte gelbe Kirschtomaten, natives Olivenöl extra, Salz, Karotten, Zwiebeln, SELLERIE, Basilikum, Zucker. Kann spuren von MILCH, FISCH, MUSCHELN und NÜSSEN enthalten.",180,43,"0,7","0,1","7,4","6,9","1,3","0,47",https://www.edeka24.de/Lebensmittel/Sossen/Tomatensosse-Pesto/Gustibus-Tomatensauce-aus-gelben-Kirschtomaten-330G.html,https://www.edeka24.de/out/pictures/generated/product/1/540_540_90/gustibus_tomatensauce_aus_gelben_kirschtomaten_330g.jpg
2194,Lebensmittel,Soßen,Tomatensoße-Pesto,Barilla Pesto Basilico E Pistacchio 190G,"3,69 €","19,42 €/kg","inkl. MwSt., zzgl. 4.95 € Versandkosten.",lieferbar innerhalb von 2-5 Werktagen,2023-05-03 01:00:34.175653,Pesto Sauce mit Basilikum und Pistazien.,Hinweis zur Aufbewahrung: Nach dem Öffnen gekühlt 5 Tage haltbar.,"Verantwortliches Lebensmittelunternehmen:
Barilla G. e R. Fratelli, IT-43122 Parma","Zutatenverzeichnis: Sonnenblumenöl, Basilikum 30%, Maisfaser, MOLKEPULVER (MILCH), Salz, MILCHEIWEIß, PISTAZIEN 2%, CASHEWKERNE, MANDELN, natürliche Aromen (MILCH), Basilikumextrakt, Säureregulator: Milchsäure. Kann Spuren von anderen SCHALENFRÜCHTEN (HARTSCHALENOBST) enthalten.",1968,477,44,"4,2",13,5,"8,1","2,9",https://www.edeka24.de/Lebensmittel/Sossen/Tomatensosse-Pesto/Barilla-Pesto-Basilico-E-Pistacchio-190G.html,https://www.edeka24.de/out/pictures/generated/product/1/540_540_90/barilla_pesto_pistacchio_190g.jpg
2195,Lebensmittel,Soßen,Tomatensoße-Pesto,Barilla Pesto Con Basilico Genovese DOP 135G,"5,49 €","40,67 €/kg","inkl. MwSt., zzgl. 4.95 € Versandkosten.",lieferbar innerhalb von 2-5 Werktagen,2023-05-03 01:00:37.741464,Pesto Sauce mit Basilikum,Hinweis zur Aufbewahrung: Nach dem Öffnen gekühlt 3 Tage haltbar.,"Verantwortliches Lebensmittelunternehmen:
Barilla G. e R. Fratelli S.p.A., Via Mantova 166, Parma - Italy.","Zutatenverzeichnis: Natives Olivenöl Extra 27%, Sonnenblumenöl, Basilikumkonzentrat (Basilico Genovese g.U.) 23%, CASHEWKERNE, Parmigiano Reggiano g.U. KÄSE 4,5% (MILCH), Salz, Pinienkerne 3%, Knoblauch, Säureregulator: Zitronensäure und Milchsäure, Weinessig. Kann Spuren von anderen SCHALENFRÜCHTEN (HARTSCHALENOBST) und ERDNÜSSEN enthalten.",2505,608,62,"8,6","3,3","1,3","7,3","3,4",https://www.edeka24.de/Lebensmittel/Sossen/Tomatensosse-Pesto/Barilla-Pesto-Con-Basilico-Genovese-DOP-135G.html,https://www.edeka24.de/out/pictures/generated/product/1/540_540_90/barillapesto_premium_135g.jpg
2196,Lebensmittel,Soßen,Tomatensoße-Pesto,Maggi Arrabbiata Sauce 500G,"2,29 €","4,58 €/kg","inkl. MwSt., zzgl. 4.95 € Versandkosten.",lieferbar innerhalb von 2-5 Werktagen,2023-05-03 01:00:41.069876,Tomatensauce mit Chili,Hinweis zur Aufbewahrung: Nach dem Öffnen im Kühlschrank aufbewahren und innerhalb von 2 Tagen verbrauchen.,"Verantwortliches Lebensmittelunternehmen:
Maggi GmbH, 78221 Singen (Hohentwiel)","Zutatenverzeichnis: 61,6 % Tomatenmark*, 17 % gehackte Tomaten*, Zwiebeln*, rote Paprika*, Zucker*, Salz, Knoblauch*, Rapsöl*, Zitronensaftkonzentrat*, Gewürze* (Paprika, Zwiebelpulver, Chili, Pfeffer), Kräuter* (Petersilie, Basilikum, Oregano). *Natürliche Zutaten",201,48,"0,9","0,1","7,1","6,6","1,8","1,2",https://www.edeka24.de/Lebensmittel/Sossen/Tomatensosse-Pesto/Maggi-Arrabbiata-Sauce-500G.html,https://www.edeka24.de/out/pictures/generated/product/1/540_540_90/maggi_arrabbiata_sauce_500g.jpg
2197,Lebensmittel,Soßen,Tomatensoße-Pesto,Demeter Bio Delizie In Cucina Passierte Tomaten grob 510G,"2,69 €","5,27 €/kg","inkl. MwSt., zzgl. 4.95 € Versandkosten.",lieferbar innerhalb von 2-5 Werktagen,2023-05-03 01:00:44.083756,-,Hinweis zur Aufbewahrung: Nach dem Öffnen kühl lagern und innerhalb von 3 Tagen verbrauchen.,"Verantwortliches Lebensmittelunternehmen:
Audia Food GmbH, Kaninenberghöhe 2, 45136 Essen",Zutatenverzeichnis: Tomaten*. *aus bilogisch-dynamischer Landwirtschaft,134,32,"0,14",0,"4,8","4,5","1,4","0,02",https://www.edeka24.de/Lebensmittel/Sossen/Tomatensosse-Pesto/Demeter-Bio-Delizie-In-Cucina-Passierte-Tomaten-grob-510G.html,https://www.edeka24.de/out/pictures/generated/product/1/540_540_90/demeter_delizie_passierte_tomaten_rustica_grob_510g.jpg
2198,Lebensmittel,Soßen,Tomatensoße-Pesto,Gustibus Tomatensauce aus Kirschtomaten 330G,"2,39 €","7,24 €/kg","inkl. MwSt., zzgl. 4.95 € Versandkosten.",lieferbar innerhalb von 2-5 Werktagen,2023-05-03 01:00:47.586433,-,Hinweis zur Aufbewahrung: Kühl und trocken lagern. Nach dem Öffnen kühl lagern und innerhalb von 4 Tagen verzehren.,"Verantwortliches Lebensmittelunternehmen:
Audia Food GmbH,Kaninenberghöhe 2, 45136 Essen","Zutatenverzeichnis: 97% passierte Kirschtomaten, natives Olivenöl extra, Salz, Karotten, Zwiebeln, SELLERIE, 0,3% Basilikum, Zucker. Kann Spuren von MILCH, FISCH, MUSCHELN und NÜSSEN enthalten.",180,43,"0,7","0,1","7,4","6,9","1,3","0,47",https://www.edeka24.de/Lebensmittel/Sossen/Tomatensosse-Pesto/Gustibus-Tomatensauce-aus-Kirschtomaten-330G.html,https://www.edeka24.de/out/pictures/generated/product/1/540_540_90/gustibus_tomatensauce_aus_kirschtomaten_330g.jpg
2199,Lebensmittel,Soßen,Tomatensoße-Pesto,Barilla Pasta Sauce Toscana 400G,"3,29 €","8,23 €/kg","inkl. MwSt., zzgl. 4.95 € Versandkosten.",lieferbar innerhalb von 2-5 Werktagen,2023-05-03 01:00:51.187544,Tomatensauce mit Kräutern,Hinweis zur Aufbewahrung: nach dem Öffnen im Kühlschrank lagern und innerhalb von 5 Tagen verbrauchen,"Verantwortliches Lebensmittelunternehmen:
Barilla G. e R. Fratelli - Società per Azioni, Via Mantova 166, I-43122 Parma","Zutatenverzeichnis: Tomatenfruchtfleisch 65%, Wasser, Tomatenmarkkonzentrat 9%, Zwiebeln, Sonnenblumenöl, Salz, Zucker, Petersilie 0,6%, Thymian 0,4%, Knoblauch 0,3%, Oregano 0,08%, schwarzer Pfeffer.",265,64,4,"0,2","4,6","4,5","1,5",1,https://www.edeka24.de/Lebensmittel/Sossen/Tomatensosse-Pesto/Barilla-Pasta-Sauce-Toscana-400G.html,https://www.edeka24.de/out/pictures/generated/product/1/540_540_90/barilla_toscana.jpg
2200,Lebensmittel,Soßen,Tomatensoße-Pesto,Barilla Pasta Sauce Pomodoro 400G,"3,29 €","8,23 €/kg","inkl. MwSt., zzgl. 4.95 € Versandkosten.",lieferbar innerhalb von 2-5 Werktagen,2023-05-03 01:00:55.341733,Tomatensauce mit Tomaten und Datteltomaten,Hinweis zur Aufbewahrung: Nach dem Öffnen im Kühlschrank lagern und innerhalb von 5 Tagen verbrauchen,"Verantwortliches Lebensmittelunternehmen:
Barilla G. e R. Fratelli - Società per Azioni, Via Mantova 166, I-43122 Parma","Zutatenverzeichnis: Tomatenfruchtfleisch 73,9%, Tomatenmarkkonzentrat 12%, passierte Datteltomaten 4%, Sonnenblumenöl, Zwiebeln 2,8%, Zucker, Salz, natürliches Aroma, Knoblauch, schwarzer Pfeffer",290,69,"3,4","0,4","7,3","5,6","1,8",1,https://www.edeka24.de/Lebensmittel/Sossen/Tomatensosse-Pesto/Barilla-Pasta-Sauce-Pomodoro-400G.html,https://www.edeka24.de/out/pictures/generated/product/1/540_540_90/barilla_pomodoro.jpg
2201,Lebensmittel,Soßen,Tomatensoße-Pesto,Alnatura Origin Bio Tomatensauce Sugo Toscano 325ML,"2,49 €","7,66 €/l","inkl. MwSt., zzgl. 4.95 € Versandkosten.",lieferbar innerhalb von 2-5 Werktagen,2023-05-03 01:00:58.243675,Bio Tomatensauce mit Zucchini und Knoblauch,Hinweis zur Aufbewahrung: Nach dem Öffnen im Kühlschrank aufbewahren und innerhalb von 5 Tagen verbrauchen.,"Verantwortliches Lebensmittelunternehmen:
Alnatura Produktions- und Handels GmbH, Mahatma-Gandhi-Str. 7, 64295 Darmstadt","Zutatenverzeichnis: Tomaten* 92%, Zucchini* 2,9%, Karotten* 2,2%, Zwiebeln*, Meersalz, Basilikum*, Knoblauch* *aus biologischer Landwirtschaft.",116,28,"0,2","0,1","4,1","3,5","1,1","0,5",https://www.edeka24.de/Lebensmittel/Sossen/Tomatensosse-Pesto/Alnatura-Origin-Bio-Tomatensauce-Sugo-Toscano-325ML.html,https://www.edeka24.de/out/pictures/generated/product/1/540_540_90/alanaturasugotoscana.jpg
2202,Lebensmittel,Soßen,Tomatensoße-Pesto,Barilla Pesto Rustico Mediterraneo 200G,"3,69 €","18,45 €/kg","inkl. MwSt., zzgl. 4.95 € Versandkosten.",lieferbar innerhalb von 2-5 Werktagen,2023-05-03 01:01:01.764312,Sauce mit Mediterranem Gemüse,Hinweis zur Aufbewahrung: Nach dem Öffnen im Kühlschrank lagern und innerhalb von 5 Tagen verbrauchen,"Verantwortliches Lebensmittelunternehmen:
Barilla G. e R. Fratelli - Società per Azioni, Via Mantova 166, Parma - Italy","Zutatenverzeichnis: Tomatenfruchtfleisch, Gemüse 23,2% (rote Paprika 9%, gelbe Paprika 9%, getrocknete Aubergine 2,6%, getrocknete Zucchini 2,6%), pflanzliche Öle (Olive, Sonnenblume), Salz, getrocknete Zwiebel, Petersilie 1, 1%, Oregano, schwarzer Pfeffer.",752,182,16,"1,4","6,9","5,5","1,5","1,65",https://www.edeka24.de/Lebensmittel/Sossen/Tomatensosse-Pesto/Barilla-Pesto-Rustico-Mediterraneo-200G.html,https://www.edeka24.de/out/pictures/generated/product/1/540_540_90/barilla_pesto_rustico_mediterraneo_200_g.jpg
2203,Lebensmittel,Soßen,Tomatensoße-Pesto,Knorr Tomato al Gusto Basilikum 370G,"1,89 €","5,11 €/kg","inkl. MwSt., zzgl. 4.95 € Versandkosten.",lieferbar innerhalb von 2-5 Werktagen,2023-05-03 01:01:05.409505,Tomatensauce mit Basilikum,Hinweis zur Aufbewahrung: Nach dem Öffnen im Kühlschrank aufbewahren und innerhalb von 2 Tagen verbrauchen.,"Verantwortliches Lebensmittelunternehmen:
Unilever Deutschland, Postfach 570 237, 22771 Hamburg","Zutatenverzeichnis: 88% Tomaten³ (65% gewürfelt, 23% passiert), 4,2% Tomatenmark³, 3,5% Zwiebeln³, Kräuter (Basilikum³, Petersilie³, Basilikumpulver), Zucker, jodiertes Speisesalz, Stärke, natives Olivenöl extra, Gewürze (Knoblauch, Pfeffer), Säureregulator Citronensäure. ³aus nachhaltigem Anbau.",155,37,"0,7","0,1","5,6","4,5","1,2","0,75",https://www.edeka24.de/Lebensmittel/Sossen/Tomatensosse-Pesto/Knorr-Tomato-al-Gusto-Basilikum-370G.html,https://www.edeka24.de/out/pictures/generated/product/1/540_540_90/knorr_tomato_al_gusto_basilikum_370g.jpg
2204,Lebensmittel,Soßen,Tomatensoße-Pesto,Bertolli Sauce Quattro Formaggi al Pomodoro 400G,"2,99 €","7,48 €/kg","inkl. MwSt., zzgl. 4.95 € Versandkosten.",lieferbar innerhalb von 2-5 Werktagen,2023-05-03 01:01:09.926582,"Pastasauce mit 1,4 Olivenöl (EU), Tomaten (Italien) und vier Käsesorten (Italien, EU).",Hinweis zur Aufbewahrung: Kühl und trocken lagern. Geöffnet maximal 3 Tage im Kühlschrank haltbar.,"Verantwortliches Lebensmittelunternehmen:
Enrico BV, Bertolli, Rijnkade 8, 1382 GS Weesp (Niederlande)","Zutatenverzeichnis: Tomaten (48%), Tomatenmark (20%), konzentriertes Tomatenmark (10%), Wasser, Zwiebel, Karotte, Grana Padano g.U.1 (Italien)(1,6%) (Milch, Salz, Lab, Eiweiss), extra Vergine Olivenöl (1,4%), Sonnenblumenöl, Staudensellerie, geriebener Parmigianno Regiano g.U.1 (1,1%) (Kuhmilch, Salz, Lab), Ricotta (EU)(0,7%) (Molke, Sahne, Salz, Säuerungsmittel (Citronensäure)), Pecorino Romano g.U. 1 (Italien)(0,7%) (Schafsmilch, Salz, Lab), Salz, Sahne, Knoblauch, Säuerungsmittel (Citronensäure), schwarzer Pfeffer, Petersilie. 1 Geschützte Ursprungsbezeichnung.",314,75,"4,3","1,3","5,8","4,6","2,7","0,91",https://www.edeka24.de/Lebensmittel/Sossen/Tomatensosse-Pesto/Bertolli-Sauce-Quattro-Formaggi-al-Pomodoro-400G.html,https://www.edeka24.de/out/pictures/generated/product/1/540_540_90/bertolli_sauce_quattro_formaggi_al_pomodoro_400g.jpg
2205,Lebensmittel,Soßen,Tomatensoße-Pesto,Barilla Pesto Basilico vegan 195G,"3,69 €","18,92 €/kg","inkl. MwSt., zzgl. 4.95 € Versandkosten.",lieferbar innerhalb von 2-5 Werktagen,2023-05-03 01:01:14.621110,-,Hinweis zur Aufbewahrung: Nach dem Öffnen im Kühlschrank lagern und innerhalb von 5 Tagen verbrauchen,"Verantwortliches Lebensmittelunternehmen:
Barilla G. e R. Fratelli - Società per Azioni, Via Mantova 166, Parma - Italy","Zutatenverzeichnis: Basilikum 35,7%, Sonnenblumenöl, CASHEWKERNE, Glukosesirup, Wasser, modifizierte Maisstärke, Salz, natürliche Aromen, natives Olivenöl extra, Zucker, Säureregulator: Milchsäure. Kann SPUREN von weiteren SCHALENFRÜCHTEN (HARTSCHALENOBST) enthalten.",1761,426,40,"3,5","13,3","3,3","2,5",3,https://www.edeka24.de/Lebensmittel/Sossen/Tomatensosse-Pesto/Barilla-Pesto-Basilico-vegan-195G.html,https://www.edeka24.de/out/pictures/generated/product/1/540_540_90/barilla_pesto_basilico_vegan.jpg
2206,Lebensmittel,Soßen,Tomatensoße-Pesto,Barilla Pesto Pomodori Secchi 200G,"3,69 €","18,45 €/kg","inkl. MwSt., zzgl. 4.95 € Versandkosten.",lieferbar innerhalb von 2-5 Werktagen,2023-05-03 01:01:18.538877,Pesto mit getrockneten Tomaten,Hinweis zur Aufbewahrung: Nach dem Öffnen im Kühlschrank lagern und innerhalb von 5 Tagen verbrauchen,"Verantwortliches Lebensmittelunternehmen:
Barilla G. e R. Fratelli - Società per Azioni, Via Mantova 166, I-43122 Parma","Zutatenverzeichnis: Sonnenblumenöl, Tomatenfruchtfleisch 28,5%, Tomatenmarkkonzentrat 8,0%, halbgetrocknete Tomaten 7,5%, Kartoffeln, an der Sonne getrocknete Tomaten 4,5%, MOLKEPULVER, Salz, Zucker, konzentrierter Karottensaft, Knoblauch, Oregano 0,7%, Buttermilchpulver (MILCH), Säureregulator: Milchsäure, natürliches Aroma (MILCH)",1333,322,29,"2,4","11,7","9,3","2,4","2,64",https://www.edeka24.de/Lebensmittel/Sossen/Tomatensosse-Pesto/Barilla-Pesto-Pomodori-Secchi-200G.html,https://www.edeka24.de/out/pictures/generated/product/1/540_540_90/barilla_pesto_pomodori_secchi_200_g.jpg
2207,Lebensmittel,Soßen,Tomatensoße-Pesto,Alnatura Origin Bio Tomatensauce Sugo Basilico 325ML,"2,49 €","7,66 €/l","inkl. MwSt., zzgl. 4.95 € Versandkosten.",lieferbar innerhalb von 2-5 Werktagen,2023-05-03 01:01:22.703107,Bio Tomatensauce mit Basilikum,Hinweis zur Aufbewahrung: Nach dem Öffnen im Kühlschrank aufbewahren und innerhalb von 5 Tagen verbrauchen.,"Verantwortliches Lebensmittelunternehmen:
Alnatura Produktions- und Handels GmbH, Mahatma-Gandhi-Str. 7, 64295 Darmstadt","Zutatenverzeichnis: Tomaten* 93%, Zwiebeln*, Karotten*, Basilikum* 1,5%, natives Olivenöl extra*, Meersalz. *aus biologischer Landwirtschaft.",149,36,"1,1","0,1","4,1","3,5","1,1","0,5",https://www.edeka24.de/Lebensmittel/Sossen/Tomatensosse-Pesto/Alnatura-Origin-Bio-Tomatensauce-Sugo-Basilico-325ML.html,https://www.edeka24.de/out/pictures/generated/product/1/540_540_90/alanaturasugobasilico.jpg
2208,Lebensmittel,Soßen,Tomatensoße-Pesto,Barilla Pasta Sauce Basilico 200G,"2,79 €","13,95 €/kg","inkl. MwSt., zzgl. 4.95 € Versandkosten.",lieferbar innerhalb von 2-5 Werktagen,2023-05-03 01:01:26.001291,Tomatensauce mit Basilikum,Hinweis zur Aufbewahrung: Nach dem Öffnen im Kühlschrank lagern und innerhalb von 5 Tagen verbrauchen,"Verantwortliches Lebensmittelunternehmen:
Barilla G. e R. Fratelli - Società per Azioni, Via Mantova 166, I-43122 Parma","Zutatenverzeichnis: Tomatenfruchtfleisch 71%, Tomatenmarkkonzentrat 13,5%, Zwiebeln, Sonnenblumenöl, Basilikum 2%, Zucker, Salz, natürliches Aroma",61,255,"2,7","0,4","6,8","6,1","1,6",1,https://www.edeka24.de/Lebensmittel/Sossen/Tomatensosse-Pesto/Barilla-Pasta-Sauce-Basilico-200G.html,https://www.edeka24.de/out/pictures/generated/product/1/540_540_90/barilla_pasta_sauce_basilico_klein.jpg
2209,Lebensmittel,Soßen,Tomatensoße-Pesto,Hela Würz Wunder feine Kräuter 200ML,"2,49 €","12,45 €/l","inkl. MwSt., zzgl. 4.95 € Versandkosten.",lieferbar innerhalb von 2-5 Werktagen,2023-05-03 01:01:29.927569,Würzpaste Kräuter,Hinweis zur Aufbewahrung: Nach erster Öffnung bitte im Kühlschrank lagern!,"Verantwortliches Lebensmittelunternehmen:
Hela Gewürzwerk Hermann Laue GmbH D-22923 Ahrensburg","Zutatenverzeichnis: Trinkwasser, Rapsöl, Kräuter 9% [1] (Petersilie, Basilikum), Maisstärke, Gewürze (Zwiebeln, Gewürze), Zucker, Speisewürze (Mais, Raps), Erbsenmehl, Branntweinessig, Kochsalz [1] rehydriert",657,158,"10,2","0,8","13,4","6,0","2,5","2,1",https://www.edeka24.de/Lebensmittel/Sossen/Tomatensosse-Pesto/Hela-Wuerz-Wunder-feine-Kraeuter-200ML.html,https://www.edeka24.de/out/pictures/generated/product/1/540_540_90/hela_wamp252rz_wunder_feine_kramp228uter_200ml.jpg
2210,Lebensmittel,Soßen,Tomatensoße-Pesto,Alnatura Origin Bio Pesto Arrabbiata 130G,"2,99 €","23,00 €/kg","inkl. MwSt., zzgl. 4.95 € Versandkosten.",lieferbar innerhalb von 2-5 Werktagen,2023-05-03 01:01:33.112140,Bio Tomaten-Chili-Würzpaste,Hinweis zur Aufbewahrung: Nach dem Öffnen im Kühlschrank lagern und innerhalb von 5 Tagen verbrauchen.,"Verantwortliches Lebensmittelunternehmen:
Alnatura Produktions- und Handels GmbH, Mahatma-Gandhi-Str. 7, 64295 Darmstadt","Zutatenverzeichnis: Tomaten* 41%, Sonnenblumenöl*, Tomaten* getrocknet 5,3%, Wasser, CASHEWKERNE*, Chili* 3,2%, Kartoffelflocken*, Basilikum*, Meersalz,natives Olivenöl extra*, Knoblauch*, Pinienkerne* *aus biologischerLandwirtschaft.",1455,353,35,"3,3","6,8","2,4","1,8","1,8",https://www.edeka24.de/Lebensmittel/Sossen/Tomatensosse-Pesto/Alnatura-Origin-Bio-Pesto-Arrabbiata-130G.html,https://www.edeka24.de/out/pictures/generated/product/1/540_540_90/alnatura_bio_pesto_arrabbiata.jpg
2211,Lebensmittel,Soßen,Tomatensoße-Pesto,Oro d'Italia Ganze geschälte Früchte in Tomatensaft 400G,"2,09 €","8,71 €/kg","inkl. MwSt., zzgl. 4.95 € Versandkosten.",lieferbar innerhalb von 2-5 Werktagen,2023-05-03 01:01:36.492756,Abtropfgewicht 240G.,,"Verantwortliches Lebensmittelunternehmen:
Hengstenberg, D-73726 Esslingen","Zutatenverzeichnis: Tomaten, Tomatensaft, Salz, Säureregulator: Citronensäure.",100,24,"0,5","0,1","3,5","3,5","1,2","0,20",https://www.edeka24.de/Lebensmittel/Sossen/Tomatensosse-Pesto/Oro-d-Italia-Ganze-geschaelte-Fruechte-in-Tomatensaft-400G.html,https://www.edeka24.de/out/pictures/generated/product/1/540_540_90/oro_d039italia_ganze_geschamp228lte_framp252chte_in_tomatensaft_400g.jpg
2212,Lebensmittel,Soßen,Tomatensoße-Pesto,Oro di Parma Tomatenmark scharf 200G,"2,19 €","10,95 €/kg","inkl. MwSt., zzgl. 4.95 € Versandkosten.",lieferbar innerhalb von 2-5 Werktagen,2023-05-03 01:01:39.727763,"Tomatenmark mit Paprika, scharf",Hinweis zur Aufbewahrung: Nach dem Öffnen im Kühlschrank aufbewahren.,"Verantwortliches Lebensmittelunternehmen:
Hengstberg GmbH & Co.KG, Mettinger Straße 109, D-73728 Esslingen","Zutatenverzeichnis: Tomatenmark 2-fach konzentriert, Paprika (7%), Salz, Gewürze, Knoblauch, natürliches Paprika-Aroma",351,83,"1,1","0,2",12,12,4,"1,4",https://www.edeka24.de/Lebensmittel/Sossen/Tomatensosse-Pesto/Oro-di-Parma-Tomatenmark-scharf-200G.html,https://www.edeka24.de/out/pictures/generated/product/1/540_540_90/oro_di_parma_tomatenmark_scharf_200g.jpg
2213,Lebensmittel,Soßen,Tomatensoße-Pesto,Bio Gourmet Tomaten Pesto 120G,"4,49 €","37,42 €/kg","inkl. MwSt., zzgl. 4.95 € Versandkosten.",lieferbar innerhalb von 2-5 Werktagen,2023-05-03 01:01:42.536646,-,Hinweis zur Aufbewahrung: Nach dem Öffnen mit Öl bedeckt halten und kühl aufbewahren.,"Verantwortliches Lebensmittelunternehmen:
Bio Gourmet GmbH, 71729 Erdmannshausen","Zutatenverzeichnis: natives Olivenöl extra* 31 %, Tomatenmark* 29 %, getrocknete Tomaten* 12%, CASHEWKERNE*, PARMESAN*, Basilikum*, PECORINO*, Pinienkerne*, Knoblauch*, Apfelessig*, Meersalz. *aus kontrolliert biologischem Anbau",1750,423,37,"6,8",14,"8,5","6,4","1,6",https://www.edeka24.de/Lebensmittel/Sossen/Tomatensosse-Pesto/Bio-Gourmet-Tomaten-Pesto-120G.html,https://www.edeka24.de/out/pictures/generated/product/1/540_540_90/biogourmettomatenpesto.jpg
2214,Lebensmittel,Soßen,Tomatensoße-Pesto,Alnatura Origin Bio Pesto Ricotta 140G,"2,99 €","21,36 €/kg","inkl. MwSt., zzgl. 4.95 € Versandkosten.",lieferbar innerhalb von 2-5 Werktagen,2023-05-03 01:01:45.616650,Bio Würzpaste mit Ricotta und Tomaten,Hinweis zur Aufbewahrung: Nach dem Öffnen im Kühlschrank lagern und innerhalb von 5 Tagen verbrauchen.,"Verantwortliches Lebensmittelunternehmen:
Alnatura GmbH, Darmstädter Str. 63, 64404 Bickenbach","Zutatenverzeichnis: Sonnenblumenöl*, RICOTTA-KÄSE* 22%, Tomatenmark* zweifach konzentriert 11%, Tomaten* 10%, WALNÜSSE* 5%, SCHAFSKÄSE*, Reismehl*, CASHEWNÜSSE*, Basilikum*, Meersalz, Knoblauch*, Säuerungsmittel: MILCHSÄURE *aus biologischer Landwirtschaft . Kann Bruchstücke von NUSSSCHALEN enthalten.",2311,561,57,"5,2",3,"1,9","8,5","0,9",https://www.edeka24.de/Lebensmittel/Sossen/Tomatensosse-Pesto/Alnatura-Origin-Bio-Pesto-Ricotta-140G.html,https://www.edeka24.de/out/pictures/generated/product/1/540_540_90/alnatura_bio_pesto_ricotta.jpg
2215,Lebensmittel,Soßen,Tomatensoße-Pesto,Alnatura Bio Tomatensauce Arrabiata 350ML,"2,69 €","7,69 €/l","inkl. MwSt., zzgl. 4.95 € Versandkosten.",lieferbar innerhalb von 2-5 Werktagen,2023-05-03 01:01:48.877473,Bio scharfe Tomatensauce mit Chili,Hinweis zur Aufbewahrung: Nach dem Öffnen im Kühlschrank aufbewahren und innerhalb von 2 Tagen verbrauchen.,"Verantwortliches Lebensmittelunternehmen:
Alnatura GmbH, Mahatma-Gandhi-Straße 7, 64295 Darmstadt","Zutatenverzeichnis: Tomaten* 80%, Tomatenmark* zweifach konzentriert 14%, Paprika* 2 %, Rohrohrzucker*, natives Olivenöl extra*, Meersalz, Petersilie*, Paprikapulver*, Knoblauch*, Chili*, Zitronensaftkonzentrat* *aus biologischer Landwirtschaft. Kann Spuren von SOJA, CASHEWNUSS und SELLERIE enthalten.",212,50,"1,4","0,2","6,8","6,6","1,8","0,9",https://www.edeka24.de/Lebensmittel/Sossen/Tomatensosse-Pesto/Alnatura-Bio-Tomatensauce-Arrabiata-350ML.html,https://www.edeka24.de/out/pictures/generated/product/1/540_540_90/bio_alnatura_tomatensauce_arrabiata_350ml.jpg
2216,Lebensmittel,Soßen,Tomatensoße-Pesto,Miavia Demeter Sugo alla Bolognese Tomatensauce mit Fleisch 330G,"4,79 €","14,52 €/kg","inkl. MwSt., zzgl. 4.95 € Versandkosten.",lieferbar innerhalb von 2-5 Werktagen,2023-05-03 01:01:52.380650,-,,,"Zutatenverzeichnis: Tomaten 58%, Rindfleisch 12%, Schweinefleisch 12%, Karotten, Zwiebeln, natives Olivenöl extra, Zitronensaft, Zucker, Knoblauch, Salz, Sellerie, Basilikum, Oregano, Thymian, Salbei, schwarzer Pfeffer",369,88,5,"1,5","5,3","4,3","4,6","0,7",https://www.edeka24.de/Lebensmittel/Sossen/Tomatensosse-Pesto/Miavia-Demeter-Sugo-alla-Bolognese-Tomatensauce-mit-Fleisch-330G.html,https://www.edeka24.de/out/pictures/generated/product/1/540_540_90/miavia_demeter_sugo_alla_bolognese_tomatensauce_mit_fleisch_330g.jpg
2217,Lebensmittel,Soßen,Tomatensoße-Pesto,Barilla Bolognese Soja Vegan 195G,"4,29 €","22,00 €/kg","inkl. MwSt., zzgl. 4.95 € Versandkosten.",lieferbar innerhalb von 2-5 Werktagen,2023-05-03 01:01:55.998301,-,Hinweis zur Aufbewahrung: Nach dem Öffnen im Kühlschrank lagern und innerhalb von 5 Tagen verbrauchen,"Verantwortliches Lebensmittelunternehmen:
Barilla G. e R. Fratelli - Società per Azioni, Via Mantova 166, Parma - Italy","Zutatenverzeichnis: Tomatenfruchtfleisch 41%, Gemüse 24%(Karotten 10%, SELLERIE 8%, Zwiebel 6%), Tomatenmarkkonzentrat 10,5%, Wasser, SOJAPROTEINE 4,6%, Sonnenblumenöl, Rotwein, Sojasauce 2%(Wasser, SOJABOHNEN 0,4%, Salz, Branntweinessig), Salz, Maisstärke, natürliche Aromen, Steinpilze (Boletus edulis, reticulatus, aereus, pinicola), Rosmarin, Knoblauch, schwarzer Pfeffer.",390,94,"5,3","0,6","5,4",3,"4,8","1,05",https://www.edeka24.de/Lebensmittel/Sossen/Tomatensosse-Pesto/Barilla-Bolognese-Soja-Vegan-195G.html,https://www.edeka24.de/out/pictures/generated/product/1/540_540_90/barilla_bolognese_soja_vegan_195g.jpg
2218,Lebensmittel,Soßen,Tomatensoße-Pesto,Miavia Demeter Sugo Basilico Tomatensauce mit Basilikum 330G,"3,29 €","9,97 €/kg","inkl. MwSt., zzgl. 4.95 € Versandkosten.",lieferbar innerhalb von 2-5 Werktagen,2023-05-03 01:01:59.704278,-,,,"Zutatenverzeichnis: Tomaten 94%, Basilikum 2%, Natives Olivenöl Extra, Zwiebeln, Salz",197,47,"2,2","0,3","4,7","3,5","0,9","0,3",https://www.edeka24.de/Lebensmittel/Sossen/Tomatensosse-Pesto/Miavia-Demeter-Sugo-Basilico-Tomatensauce-mit-Basilikum-330G.html,https://www.edeka24.de/out/pictures/generated/product/1/540_540_90/demeter_miavia_sugo_basilico_tomatensauce_mit_basilikum_330g.jpg
2219,Lebensmittel,Soßen,Tomatensoße-Pesto,Bertolli Sauce Basilico 400G,"2,99 €","7,48 €/kg","inkl. MwSt., zzgl. 4.95 € Versandkosten.",lieferbar innerhalb von 2-5 Werktagen,2023-05-03 01:02:02.999115,"Pastasauce mit 2,4% Olivenöl, Tomaten (Italien), Basilikum (EU) und Weißwein (Italien)",Hinweis zur Aufbewahrung: Kühl und trocken lagern. Geöffnet maximal 3 Tage im Kühlschrank haltbar.,"Verantwortliches Lebensmittelunternehmen:
Enrico BV, Bertolli, Rijnkade 8, 1382 GS Weesp (Niederlande)","Zutatenverzeichnis: Tomaten (51%), Tomatenmark (21%), konzentriertes Tomatenmark (9,6%), Zwiebel, Karotte, extra Vergine Olivenöl (2,4%), Sonnenblumenöl, Weißwein (2,3%), Basilikum (1,4%), Wasser, STAUDENSELLERIE, Salz, Oregano, weißer Pfeffer, Muskatnuss.",328,79,"5,1","0,7","5,9","4,8","1,6","0,9",https://www.edeka24.de/Lebensmittel/Sossen/Tomatensosse-Pesto/Bertolli-Sauce-Basilico-400G.html,https://www.edeka24.de/out/pictures/generated/product/1/540_540_90/bertolli_sauce_basilico_400g.jpg
2220,Lebensmittel,Soßen,Tomatensoße-Pesto,Bertolli Sauce Primavera 400G,"2,99 €","7,48 €/kg","inkl. MwSt., zzgl. 4.95 € Versandkosten.",lieferbar innerhalb von 2-5 Werktagen,2023-05-03 01:02:06.360608,"Pastasauce mit 1% Olivenöl (EU), Tomaten (Italien) und gegrillter Paprika (EU)",Hinweis zur Aufbewahrung: Kühl und trocken lagern. Geöffnet maximal 3 Tage im Kühlschrank haltbar.,"Verantwortliches Lebensmittelunternehmen:
Enrico BV, Bertolli, Rijnkade 8, 1382 GS Weesp (Niederlande)","Zutatenverzeichnis: Tomaten (45%), konzentriertes Tomatenmark (18%), Wasser, Tomatenmark (13%), Zucchini (2,9%), rote Paprika, Karotte, Sonnenblumenöl, geriebener PARMIGIANO REGGIANO g.U.1 (KUHMILCH, Salz, Lab), Zwiebel, STAUDENSELLERIE, Salz, Knoblauch, extra Vergine Olivenöl (1%), Basilikum, Petersilie, Oregano, Salbei, Thymian, Rosmarin. 1 Geschützte Ursprungsbezeichnung.",229,55,"2,7","0,5","5,4","4,5","1,6",1,https://www.edeka24.de/Lebensmittel/Sossen/Tomatensosse-Pesto/Bertolli-Sauce-Primavera-400G.html,https://www.edeka24.de/out/pictures/generated/product/1/540_540_90/bertolli_sauce_primavera_400g.jpg
2221,Lebensmittel,Soßen,Tomatensoße-Pesto,PPURA Bio Pesto Rosso 120G,"3,59 €","29,92 €/kg","inkl. MwSt., zzgl. 4.95 € Versandkosten.",lieferbar innerhalb von 2-5 Werktagen,2023-05-03 01:02:10.529977,-,Hinweis zur Aufbewahrung: Nach dem Öffnen gekühlt aufbewahren in in 3 Tagen verbrauchen.,"Verantwortliches Lebensmittelunternehmen:
PPURA GmbH, 4657 Dulliken (CH)","Zutatenverzeichnis: Sonnengetrocknete Salentini Tomaten aus Apulien* (35%), Natives Olivenöl extra*, Italienische Tomaten* (Tomatenfruchtfleisch*; Tomatenmark*), PARMIGIANO-REGGIANO D.O.P., Zitronensaft*, Knoblauch*, Meersalz. *aus biologischem Anbau",1284,307,26,"4,9",12,"4,9","3,6","1,8",https://www.edeka24.de/Lebensmittel/Sossen/Tomatensosse-Pesto/PPURA-Bio-Pesto-Rosso-120G.html,https://www.edeka24.de/out/pictures/generated/product/1/540_540_90/bio_ppura_pesto_rosso_mit_35_getrockneten_tomaten_120g.jpg
2222,Lebensmittel,Soßen,Tomatensoße-Pesto,Barilla Pesto Rustico Basilico e Olive 200G,"3,69 €","18,45 €/kg","inkl. MwSt., zzgl. 4.95 € Versandkosten.",lieferbar innerhalb von 2-5 Werktagen,2023-05-03 01:02:14.207959,Sauce mit Basilikum und Oliven,Hinweis zur Aufbewahrung: Nach dem Öffnen gekühlt 5 Tage haltbar.,"Verantwortliches Lebensmittelunternehmen:
Barilla G. e R. Fratelli, IT-43122 Parma","Zutatenverzeichnis: Grünes Tomatenpüree, Basilikum 21%, Sonnenblumenöl, Oliven 13% (grüne Oliven 7%, schwarze Oliven 6%), getrocknete Zucchini, Salz, getrocknete Zwiebeln, konzentrierter Zitronensaft, Oregano, CASHEWKERNE, schwarzer Pfeffer. Kann Spuren von anderen SCHALENFRÜCHTEN (HARTSCHALENOBST) enthalten.",874,212,"19,0","1,8","6,1","4,9","2,1","1,95",https://www.edeka24.de/Lebensmittel/Sossen/Tomatensosse-Pesto/Barilla-Pesto-Rustico-Basilico-e-Olive-200G.html,https://www.edeka24.de/out/pictures/generated/product/1/540_540_90/barilla_pesto_rustico_basilico_e_olive_200g.jpg
2223,Lebensmittel,Soßen,Tomatensoße-Pesto,Gustibus Passierte Tomaten mit sizilianischen Kirschtomaten 520G,"2,39 €","4,60 €/kg","inkl. MwSt., zzgl. 4.95 € Versandkosten.",lieferbar innerhalb von 2-5 Werktagen,2023-05-03 01:02:17.425229,Passierte Kirschtomaten,Hinweis zur Aufbewahrung: Kühl und trocken lagern. Nach dem Öffnen kühl lagern und innerhalb von 7 Tagen verbrauchen.,"Verantwortliches Lebensmittelunternehmen:
Gustibus Alimentari S.r.L., Via G. Morgia 9, 95127 Catania","Zutatenverzeichnis: Passierte Kirschltomaten, Salz.",137,32,0,0,"5,5","5,1","1,2","0,25",https://www.edeka24.de/Lebensmittel/Sossen/Tomatensosse-Pesto/Gustibus-Passierte-Tomaten-mit-sizilianischen-Kirschtomaten-520G.html,https://www.edeka24.de/out/pictures/generated/product/1/540_540_90/gustibus_passata_mit_sizilianischen_kirschtomaten_520g.jpg
2224,Lebensmittel,Soßen,Tomatensoße-Pesto,Oro di Parma Tomatenmark mit Basilikum 200G,"2,19 €","10,95 €/kg","inkl. MwSt., zzgl. 4.95 € Versandkosten.",lieferbar innerhalb von 2-5 Werktagen,2023-05-03 01:02:21.948524,-,,"Verantwortliches Lebensmittelunternehmen:
Hengstberg GmbH & Co.KG, Mettinger Straße 109, D-73728 Esslingen","Zutatenverzeichnis: Tomatenmark 2-fach konzentriert, Basilikum (2,5 %), Salz, natürliches Basilikum-Aroma.",317,75,"0,4","0,09","11,1",11,"3,75","1,6",https://www.edeka24.de/Lebensmittel/Sossen/Tomatensosse-Pesto/Oro-di-Parma-Tomatenmark-mit-Basilikum-200G.html,https://www.edeka24.de/out/pictures/generated/product/1/540_540_90/oro_di_parma_tomatenmark_mit_basilikum_200g.jpg
2225,Lebensmittel,Soßen,Tomatensoße-Pesto,Barilla Pasta Sauce Olive 400G,"3,29 €","8,23 €/kg","inkl. MwSt., zzgl. 4.95 € Versandkosten.",lieferbar innerhalb von 2-5 Werktagen,2023-05-03 01:02:27.446575,Tomatensauce mit grünen und schwarzen Oliven,Hinweis zur Aufbewahrung: Nach dem Öffnen im Kühlschrank lagern und innerhalb von 5 Tagen verbrauchen,"Verantwortliches Lebensmittelunternehmen:
Barilla G. e R. Fratelli - Società per Azioni, Via Mantova 166, I-43122 Parma","Zutatenverzeichnis: Tomatenfruchtfleisch 64%, Tomatenmarkkonzentrat 10%, Oliven 9,7% (grüne Oliven 8,5%, schwarze Oliven 1,2%), Sonnenblumenöl, Weißwein, Zwiebeln, Zucker, Salz, Kapern, natürliche Aromen, Petersilie, Knoblauch, Oregano",298,72,"4,5","0,5","5,3",5,"1,5","1,875",https://www.edeka24.de/Lebensmittel/Sossen/Tomatensosse-Pesto/Barilla-Pasta-Sauce-Olive-400G.html,https://www.edeka24.de/out/pictures/generated/product/1/540_540_90/barilla_pastasauceolive.jpg
2226,Lebensmittel,Soßen,Tomatensoße-Pesto,Barilla Pasta Sauce Napoletana 400G,"3,29 €","8,23 €/kg","inkl. MwSt., zzgl. 4.95 € Versandkosten.",lieferbar innerhalb von 2-5 Werktagen,2023-05-03 01:02:31.463472,Tomatensauce mit Kräutern,Hinweis zur Aufbewahrung: Nach dem Öffnen im Kühlschrank lagern und innerhalb von 5 Tagen verbrauchen,"Verantwortliches Lebensmittelunternehmen:
Barilla G. e R. Fratelli - Società per Azioni, Via Mantova 166, I-43122 Parma","Zutatenverzeichnis: Tomatenfruchtfleisch 66%, Tomatenmarkkonzentrat 10%, Zwiebeln 7%, Karotten 3,5%, Sonnenblumenöl, Zucker, Salz, Knoblauch 0,5%, Thymian 0,4%, Schnittlauch 0,2%, Petersilie 0,2%, Aromen, schwarzer Pfeffer 0,01%",289,69,4,"0,5","6,3","5,4","1,4","0,973",https://www.edeka24.de/Lebensmittel/Sossen/Tomatensosse-Pesto/Barilla-Pasta-Sauce-Napoletana-400G.html,https://www.edeka24.de/out/pictures/generated/product/1/540_540_90/barilla_pasta_sauce_napoletana.jpg
2227,Lebensmittel,Soßen,Würzsaucen,Maggi Würze Hot 119G,"1,89 €","15,88 €/kg","inkl. MwSt., zzgl. 4.95 € Versandkosten.",lieferbar innerhalb von 2-5 Werktagen,2023-05-03 01:02:35.683636,Flüssiges Würzmittel mit Chiliaroma,Hinweis zur Aufbewahrung: Trocken lagern und vor Wärme schützen.,"Verantwortliches Lebensmittelunternehmen:
Maggi GmbH, Lyoner Str. 23, D-60528 Frankfurt","Zutatenverzeichnis: Wasser, pflanzliches Eiweiß, biologisch aufgeschlossen (Wasser, WEIZENPROTEIN, Salz), Salz, Aroma, Geschmacksverstärker (Mononatriumglutamat, Dinatriuminosinat), Hefeextrakt, Zucker, Chiliaroma (mit SELLERIEÖL), Verdickungsmittel Xanthan.",63,267,"0,1",0,"4,6","2,7",10,"22,5",https://www.edeka24.de/Lebensmittel/Sossen/Wuerzsaucen/Maggi-Wuerze-Hot-119G.html,https://www.edeka24.de/out/pictures/generated/product/1/540_540_90/maggi_wrze_hot.jpg
2228,Lebensmittel,Soßen,Würzsaucen,Maggi Würze 250G,"2,19 €","8,76 €/kg","inkl. MwSt., zzgl. 4.95 € Versandkosten.",lieferbar innerhalb von 2-5 Werktagen,2023-05-03 01:02:45.894017,Suppen-& Speise-Würze,Hinweis zur Aufbewahrung: Trocken lagern. Vor Wärme schützen. Würze kann natürlicherweise Salzkristalle bilden-ohne Einfluss auf Qualität.,"Verantwortliches Lebensmittelunternehmen:
Maggi GmbH, 78221 Singen (Hohentwiel)","Zutatenverzeichnis: pflanzliches Eiweiß, biologisch aufgeschlossen (Wasser, WEIZENPROTEIN, Salz), Wasser, Aromen (mit WEIZEN), Geschmacksverstärker (Mononatriumglutamat, Dinatriuminosinat), Salz, Zucker.",102,434,0,0,"7,4","5,1",18,"24,9",https://www.edeka24.de/Lebensmittel/Sossen/Wuerzsaucen/Maggi-Wuerze-250G.html,https://www.edeka24.de/out/pictures/generated/product/1/540_540_90/maggi_wrze.jpg
2229,Lebensmittel,Soßen,Würzsaucen,Maggi Würze Tischflasche 125G,"1,79 €","14,32 €/kg","inkl. MwSt., zzgl. 4.95 € Versandkosten.",lieferbar innerhalb von 2-5 Werktagen,2023-05-03 01:02:51.048710,-,Hinweis zur Aufbewahrung: Trocken lagern und vor Wärme schützen.,"Verantwortliches Lebensmittelunternehmen:
Maggi GmbH, Lyoner Str. 23, D-60528 Frankfurt","Zutatenverzeichnis: Pflanzliches Eiweiß, biologisch aufgeschlossen (Wasser, WEIZENPROTEIN, Salz), Wasser, Aroma (mit WEIZEN), Geschmacksverstärker (Mononatriumglutamat, Dinatriuminosinat), Salz, Zucker.",102,434,0,0,"7,4","5,1",18,"24,9",https://www.edeka24.de/Lebensmittel/Sossen/Wuerzsaucen/Maggi-Wuerze-Tischflasche-125G.html,https://www.edeka24.de/out/pictures/generated/product/1/540_540_90/40055091.jpg
2230,Lebensmittel,Soßen,Würzsaucen,Mcillhenny Tabasco Red Pepper Sauce 60ML,"3,59 €","59,83 €/l","inkl. MwSt., zzgl. 4.95 € Versandkosten.",lieferbar innerhalb von 2-5 Werktagen,2023-05-03 01:02:55.589778,Rote Chilisauce,,"Verantwortliches Lebensmittelunternehmen:
Develey Senf & Feinkost GmbH, 82001 Unterhaching","Zutatenverzeichnis: Branntweinessig, rote Chilischoten, Salz.",45,192,"0,7","0,2","1,6",0,1,"1,8",https://www.edeka24.de/Lebensmittel/Sossen/Wuerzsaucen/Mcillhenny-Tabasco-Red-Pepper-Sauce-60ML.html,https://www.edeka24.de/out/pictures/generated/product/1/540_540_90/tabasco_red_pepper_sauce_60ml.jpg
2231,Lebensmittel,Soßen,Würzsaucen,Block House Steak Sauce 240ML,"2,79 €","11,63 €/l","inkl. MwSt., zzgl. 4.95 € Versandkosten.",lieferbar innerhalb von 2-5 Werktagen,2023-05-03 01:02:59.094758,Pfeffrige Würzsauce mit Tomatenmark,Hinweis zur Aufbewahrung: Nach dem Öffnen bei +2°C bis +7°C aufbewahren und bald verzehren.,"Verantwortliches Lebensmittelunternehmen:
Block House 22339 Hamburg","Zutatenverzeichnis: Wasser, Tomatenmark (27%), Mango Chutney (Zucker, Mango, Salz, Branntweinessig, Chili, Ingwer), Glukosesirup (getrocknet), Zucker, WORCESTERSAUCE (mit GLUTEN, SELLERIE), Pfefferkörner (grün, schwarz), Branntweinessig, Speisesalz, SENFSAAT, Schnittlauch, Karamellzuckersirup, MILCHEIWEISSERZEUGNIS, modifizierte Stärke, Verdickungsmittel (Guarkernmehl, Xanthan)",604,142,"0,5","0,1",31,23,"1,3","2,0",https://www.edeka24.de/Lebensmittel/Sossen/Wuerzsaucen/Block-House-Steak-Sauce-240ML.html,https://www.edeka24.de/out/pictures/generated/product/1/540_540_90/block_house_steak_sauce_240ml.jpg
2232,Lebensmittel,Soßen,Würzsaucen,Kikkoman Natürlich gebraute Sojasauce 500ML,"7,49 €","14,98 €/l","inkl. MwSt., zzgl. 4.95 € Versandkosten.",lieferbar innerhalb von 2-5 Werktagen,2023-05-03 01:03:03.292274,-,Hinweis zur Aufbewahrung: Nach dem Öffnen im Kühlschrank aufbewahren.,"Verantwortliches Lebensmittelunternehmen:
Kikkoman Trading Europe GmbH, Theodorstraße 293, 40472 Düsseldorf","Zutatenverzeichnis: Wasser, SOJABOHNEN, WEIZEN, Speisesalz.",77,325,0,0,"3,2","0,6",10,"16,9",https://www.edeka24.de/Lebensmittel/Sossen/Wuerzsaucen/Kikkoman-Natuerlich-gebraute-Sojasauce-500ML.html,https://www.edeka24.de/out/pictures/generated/product/1/540_540_90/kikkoman_soja_sauce_500ml.jpg
2233,Lebensmittel,Soßen,Würzsaucen,Block House BBQ Sauce 240ML,"2,79 €","11,63 €/l","inkl. MwSt., zzgl. 4.95 € Versandkosten.",lieferbar innerhalb von 2-5 Werktagen,2023-05-03 01:03:07.128704,Würzsauce mit Honig und Raucharoma,Hinweis zur Aufbewahrung: Nach dem Öffnen bei +2°C bis +7°C aufbewahren und bald verzehren.,"Verantwortliches Lebensmittelunternehmen:
Block House 22339 Hamburg","Zutatenverzeichnis: Wasser, Zucker, Tomatenmark, WORCESTERSAUCE (Branntweinessig, Zucker, GERSTENMALZESSIG, Wasser, Speisesalz, Karamellzuckersirup, GEWÜRZE (enthält SELLERIE), Zitronenöl), Honig (2,5%), Speisesalz, Knoblauch, Branntweinessig, modifizierte Stärke, Verdickungsmittel (Guarkernmehl, Xanthan), Farbstoff (Ammonsulfit-Zuckerkulör), Raucharoma, Säuerungsmittel (Citronensäure)",495,117,0,0,27,27,"1,5","2,1",https://www.edeka24.de/Lebensmittel/Sossen/Wuerzsaucen/Block-House-BBQ-Sauce-240ML.html,https://www.edeka24.de/out/pictures/generated/product/1/540_540_90/blockhousebbq.jpg
2234,Lebensmittel,Soßen,Würzsaucen,Chio Dip! Hot Cheese 200ML,"2,79 €","13,95 €/l","inkl. MwSt., zzgl. 4.95 € Versandkosten.",lieferbar innerhalb von 2-5 Werktagen,2023-05-03 01:03:11.577402,Käse-Sauce,Hinweis zur Aufbewahrung: Nach dem Öffnen kühl lagern und innerhalb von 7 Tagen aufbrauchen.,"Verantwortliches Lebensmittelunternehmen:
Intersnack Deutschland SE, Erna-Scheffler-Straße 3, 51103 Köln","Zutatenverzeichnis: Trinkwasser, KÄSE (9%), modifizierte Stärke, Paprika (7%), Rapsöl, Maltodextrin, Tomaten in Tomatensaft (geschälte Tomaten, Tomatensaft), MILCHEIWEISSERZEUGNIS, Emulgator (Mono- und Diacetylweinsäureester von Mono- und Diglyceriden von Speisefettsäuren), Verdickungsmittel (Xanthan), Peperoni, Zucker, BUTTER, MAGERMILCHPULVER, Süßmolkenpulver (MILCH), Speisesalz, Gewürze, Gewürzextrakt, Schmelzsalze (Natriumcitrate, Natriumphosphate, Polyphosphate), jodiertes Speisesalz (Speisesalz, Kaliumjodat), Steinpilzpulver, natürliches Aroma, Karamellzuckersirup, Hefeextrakt, Säuerungsmittel (Essigsäure), Farbstoff (Carotin).",627,150,"8,8","2,4",15,"0,4","2,7","1,7",https://www.edeka24.de/Lebensmittel/Sossen/Wuerzsaucen/Chio-Dip-Hot-Cheese-200ML.html,https://www.edeka24.de/out/pictures/generated/product/1/540_540_90/chio_dip_hot_cheese_200ml.jpg
2235,Lebensmittel,Soßen,Würzsaucen,Lee Kum Kee Sojasauce dunkel 150ML,"2,29 €","15,27 €/l","inkl. MwSt., zzgl. 4.95 € Versandkosten.",lieferbar innerhalb von 2-5 Werktagen,2023-05-03 01:03:15.811613,-,,"Verantwortliches Lebensmittelunternehmen:
Lee Kum Kee Ltd., NL-1043 Amsterdam","Zutatenverzeichnis: Wasser, Salz, Farbstoff: Zuckerkulör (E150A); Zucker, entfettete SOJABOHNEN (10%), WEIZEN.",631,148,"0,5","0,1",31,17,"6,1","19,3",https://www.edeka24.de/Lebensmittel/Sossen/Wuerzsaucen/Lee-Kum-Kee-Sojasauce-dunkel-150ML.html,https://www.edeka24.de/out/pictures/generated/product/1/540_540_90/lee_kum_kee_sojasauce_dunkel_150ml.jpg
2236,Lebensmittel,Soßen,Würzsaucen,Ming Chu Sojasauce dunkel 150ML,"1,49 €","9,93 €/l","inkl. MwSt., zzgl. 4.95 € Versandkosten.",lieferbar innerhalb von 2-5 Werktagen,2023-05-03 01:03:19.532001,"Sojasauce, dunkel",,"Verantwortliches Lebensmittelunternehmen:
EUCO GmbH, DE-22291 Hamburg","Zutatenverzeichnis: Wasser, Speisesalz, 18% Sojabohnen. Farbstoff: Zuckerkülor, Weizenmehl",365,86,0,0,"14,9","5,0","6,2","18,7",https://www.edeka24.de/Lebensmittel/Sossen/Wuerzsaucen/Ming-Chu-Sojasauce-dunkel-150ML.html,https://www.edeka24.de/out/pictures/generated/product/1/540_540_90/ming_chu_sojasauce_dunkel_150ml.jpg
2237,Lebensmittel,Soßen,Würzsaucen,Alnatura Bio Soja-Sauce Shoyu 250ML,"3,29 €","13,16 €/l","inkl. MwSt., zzgl. 4.95 € Versandkosten.",lieferbar innerhalb von 2-5 Werktagen,2023-05-03 01:03:23.031702,-,Hinweis zur Aufbewahrung: Nach dem Öffnen gut verschlossen und im Kühlschrank aufbewahren.,"Verantwortliches Lebensmittelunternehmen:
Alnatura Produktions- und Handels GmbH, Mahatma-Gandhi-Str. 7, 64295 Darmstadt","Zutatenverzeichnis: Wasser, SOJABOHNEN* 33%, Meersalz, WEIZENMEHL* *aus biologischer Landwirtschaft. Kann Spuren von GLUTEN enthalten.",370,87,"<0,1","<0,1","9,9","2,4",11,"15,9",https://www.edeka24.de/Lebensmittel/Sossen/Wuerzsaucen/Alnatura-Bio-Soja-Sauce-Shoyu-250ML.html,https://www.edeka24.de/out/pictures/generated/product/1/540_540_90/alnatura_bio_sojasauce_shoyu.jpg
2238,Lebensmittel,Soßen,Würzsaucen,Ming Chu Sambal Oelek 200G,"1,79 €","8,95 €/kg","inkl. MwSt., zzgl. 4.95 € Versandkosten.",lieferbar innerhalb von 2-5 Werktagen,2023-05-03 01:03:27.211936,Scharfe Chilischotenpaste,Hinweis zur Aufbewahrung: Vor Wärme geschützt und trocken lagern. Nach dem Öffnen kühl lagern und alsbaldig verbrauchen.,"Verantwortliches Lebensmittelunternehmen:
Euco GmbH, 22291 Hamburg, T16","Zutatenverzeichnis: 75% Chilischoten, Wasser, Speisesalz, Zucker, Säuerungsmittel: Essigsäure.",280,67,"1,3","0,3","8,5","7,1","1,8",8,https://www.edeka24.de/Lebensmittel/Sossen/Wuerzsaucen/Ming-Chu-Sambal-Oelek-200G.html,https://www.edeka24.de/out/pictures/generated/product/1/540_540_90/ming_chu_sambal_oelek_200g.jpg
2239,Lebensmittel,Soßen,Würzsaucen,Fuego Guacamole Dip 200ML,"3,49 €","17,45 €/l","inkl. MwSt., zzgl. 4.95 € Versandkosten.",lieferbar innerhalb von 2-5 Werktagen,2023-05-03 01:03:35.446123,Guacamole-Dip - pikanter Dip mit Avocado,Hinweis zur Aufbewahrung: Nach dem Öffnen kühl lagern.,"Verantwortliches Lebensmittelunternehmen:
Theodor Kattus GmbH, 49198 Dissen","Zutatenverzeichnis: Wasser, Avocado 9 %, SCHMELZKÄSE-ZUBEREITUNG (KÄSE, Wasser, BUTTER, LAKTOSE, Schmelzsalze: Natriumcitrat, Polyphosphate, Diphosphate; MILCHEIWEIß, natürliches Käsearoma (enthält MILCH)), Paprika, Zwiebeln, modifizierte Stärke, SAHNEPULVER (SAHNE, MAGERMILCH), Zitronensaftkonzentrat, Jalapeno, Knoblauch, Speisesalz, EIGELB, Kurkuma, Zucker, Verdickungsmittel: Guarkernmehl, Xanthan; Maltodextrin, Limettensaft, Gewürzextrakt. Kann Spuren von WEIZEN, SOJA, SELLERIE, SENF und SESAM enthalten.",100,415,"6,7","2,9","6,8","2,6","2,5","1,8",https://www.edeka24.de/Lebensmittel/Sossen/Wuerzsaucen/Fuego-Guacamole-Dip-200ML.html,https://www.edeka24.de/out/pictures/generated/product/1/540_540_90/fuego_guacamole_dip_200ml.jpg
2240,Lebensmittel,Soßen,Würzsaucen,McIlhenny Tabasco Jalapeno Sauce 60ML,"3,59 €","59,83 €/l","inkl. MwSt., zzgl. 4.95 € Versandkosten.",lieferbar innerhalb von 2-5 Werktagen,2023-05-03 01:03:40.369645,Grüne Chilisauce,,"Verantwortliches Lebensmittelunternehmen:
Develey Senf & Feinkost GmbH, 82001 Unterhaching","Zutatenverzeichnis: Branntweinessig, grüne Jalapeño-Chilischoten, Wasser, Salz, Maisstärke, Verdickungsmittel Xanthan, Antioxidationsmittel Ascorbinsäure.",120,28,0,0,"1,8",0,"0,6","7,4",https://www.edeka24.de/Lebensmittel/Sossen/Wuerzsaucen/McIlhenny-Tabasco-Jalapeno-Sauce-60ML.html,https://www.edeka24.de/out/pictures/generated/product/1/540_540_90/tabasco_jalapeno_sauce_60ml.jpg
2241,Lebensmittel,Soßen,Würzsaucen,Flying Goose Chilisauce Sriracha scharf 200ML,"3,79 €","18,95 €/l","inkl. MwSt., zzgl. 4.95 € Versandkosten.",lieferbar innerhalb von 2-5 Werktagen,2023-05-03 01:03:44.713984,-,,"Verantwortliches Lebensmittelunternehmen:
Kreyenhop & Kluge GmbH & Co. KG, DE-28876","Zutatenverzeichnis: Zutaten: Chili 61%, Zucker, Knoblauch, Salz, Wasser, Säuerungsmittel: E260, E330, Geschmacksverstärker: E621, Stabilisator: E415, Konservierungsstoff: E202.",585,139,"1,2","0,2",28,22,"2,3","7,3",https://www.edeka24.de/Lebensmittel/Sossen/Wuerzsaucen/Flying-Goose-Chilisauce-Sriracha-scharf-200ML.html,https://www.edeka24.de/out/pictures/generated/product/1/540_540_90/flying_goose_chilisauce_sriracha_scharf_200ml.jpg
2242,Lebensmittel,Soßen,Würzsaucen,Erhardt Demeter Harissa 125G,"2,79 €","22,32 €/kg","inkl. MwSt., zzgl. 4.95 € Versandkosten.",lieferbar innerhalb von 2-5 Werktagen,2023-05-03 01:03:49.352910,-,Hinweis zur Aufbewahrung: Nach Anbruch im Kühlschrank aufbewahren und innerhalb 6 Wochen verbrauchen.,"Verantwortliches Lebensmittelunternehmen:
Erhard GmbH & Co. KG, Rencherweg 22, D-77767 Urloffen","Zutatenverzeichnis: Pepperoni* 25%, Karotten*, Tomaten*, Zwiebeln*, Knoblauch*, Sonnenblumenöl*, Apfelessig*, Weinessig*, Meersalz, Koriander**, Kümmel**. *Demeter Rohstoffe. ** Rohstoffe aus kontrolliertem biologischem Anbau.",398,95,"5,9","0,7","8,8","3,66","1,7","3,17",https://www.edeka24.de/Lebensmittel/Sossen/Wuerzsaucen/Erhardt-Demeter-Harissa-125G.html,https://www.edeka24.de/out/pictures/generated/product/1/540_540_90/4027468000201demeterharissa.png
2243,Lebensmittel,Soßen,Würzsaucen,Block House Chili Sauce 240ML,"2,79 €","11,63 €/l","inkl. MwSt., zzgl. 4.95 € Versandkosten.",lieferbar innerhalb von 2-5 Werktagen,2023-05-03 01:03:55.240264,Scharfe Würzsauce mit Zwiebeln und Paprika,Hinweis zur Aufbewahrung: Nach dem Öffnen bei +2°C bis +7°C aufbewahren und bald verzehren.,"Verantwortliches Lebensmittelunternehmen:
Block House 22339 Hamburg","Zutatenverzeichnis: Wasser, Tomatenmark, Zucker, Gurken (Gurken, Branntweinessig, Speisesalz, Zucker, Dillextrakt), Zwiebeln (6%), Paprika (6%), Branntweinessig, Paprikamark, Orangensaftkonzentrat, Speisesalz, Verdickungsmittel (Xanthan, Guarkernmehl), modifizierte Stärke, Chili (1%), Chiliextrakt",308,73,"0,1",0,15,14,"1,3","2,3",https://www.edeka24.de/Lebensmittel/Sossen/Wuerzsaucen/Block-House-Chili-Sauce-240ML.html,https://www.edeka24.de/out/pictures/generated/product/1/540_540_90/block_house_chili_sauce_240ml.jpg
2244,Lebensmittel,Soßen,Würzsaucen,Flying Goose Sriracha Scharfe Chili-Sauce 455ML,"5,29 €","11,63 €/l","inkl. MwSt., zzgl. 4.95 € Versandkosten.",lieferbar innerhalb von 2-5 Werktagen,2023-05-03 01:04:00.305942,-,,"Verantwortliches Lebensmittelunternehmen:
Kreyenhop & Kluge GmbH & Co. KG, DE-28876","Zutatenverzeichnis: Chili (61%), Zucker, Wasser, Salz, Knoblauch, Geschmacksverstärker: Mononatriumglutamat (E621); Verdickungsmittel: Xanthan (E415); Säuerungsmittel: Essigsäure (E260), Citronensäure (E330); Konservierungsstoff: Kaliumsorbat (E202).",585,139,"1,2","0,2",28,22,"2,3","7,3",https://www.edeka24.de/Lebensmittel/Sossen/Wuerzsaucen/Flying-Goose-Sriracha-Scharfe-Chili-Sauce-455ML.html,https://www.edeka24.de/out/pictures/generated/product/1/540_540_90/flygchilissrirscharf_455ml.jpg
2245,Lebensmittel,Soßen,Würzsaucen,McIlhenny Tabasco Sriracha Sauce 256ML,"4,49 €","17,54 €/l","inkl. MwSt., zzgl. 4.95 € Versandkosten.",lieferbar innerhalb von 2-5 Werktagen,2023-05-03 01:04:11.225370,Rote Chilisauce mit Knoblauch,Hinweis zur Aufbewahrung: Trocken lagern.,"Verantwortliches Lebensmittelunternehmen:
McIlhenny Company, Avery Island, Louisiana 70513","Zutatenverzeichnis: Rote Jalapeño-Chilischoten (42,8%), Wasser, Zucker, Salz, Knoblauch (8%), Branntweinessig*, Verdickungsmittel Xanthan, Tabasco® Brand Pepper Sauce (Branntweinessig*(AT: Weingeistessig*), rote Chilischoten, Salz).",512,121,0,0,27,19,"2,1","6,7",https://www.edeka24.de/Lebensmittel/Sossen/Wuerzsaucen/McIlhenny-Tabasco-Sriracha-Sauce-256ML.html,https://www.edeka24.de/out/pictures/generated/product/1/540_540_90/tabasco_sriracha_sauce_256ml.jpg
2246,Lebensmittel,Soßen,Würzsaucen,Block House Curry Sauce 240ML,"2,79 €","11,63 €/l","inkl. MwSt., zzgl. 4.95 € Versandkosten.",lieferbar innerhalb von 2-5 Werktagen,2023-05-03 01:04:15.215020,Würzsauce mit Mango und Curry,Hinweis zur Aufbewahrung: Nach dem Öffnen bei +2°C bis +7°C aufbewahren und bald verzehren.,"Verantwortliches Lebensmittelunternehmen:
Block House 22339 Hamburg","Zutatenverzeichnis: Wasser, Rapsöl, Zucker, Mango Chutney (Zucker, Mango, Salz, Essig, Chili, Ingwer) (5%), Curry (Curcuma, Coriander, Bockshornklee, Ingwer, Zitronenschalen, Pfeffer, Chili, Lorbeer) (3,2%), Apfelsaftkonzentrat, Branntweinessig, Karotten, Speisesalz, GEWÜRZE (enthält SENF), SENFSAATEN, Dextrose, Ananaspulver (Maltodextrin, Ananassaftkonzentrat, Säuerungsmittel (Citronensäure)), modifizierte Stärke, Verdickungsmittel (Guarkernmehl, Xanthan), MILCHEIWEISSERZEUGNIS, Schnittlauch, natürliches Aroma, Kreuzkümmel, Säuerungsmittel (Citronensäure)",896,215,15,"6,9",16,15,"1,5","2,3",https://www.edeka24.de/Lebensmittel/Sossen/Wuerzsaucen/Block-House-Curry-Sauce-240ML.html,https://www.edeka24.de/out/pictures/generated/product/1/540_540_90/block_house_sweet_mango_curry_240ml.jpg
2247,Lebensmittel,Soßen,Würzsaucen,Fuego Cheese Dip 200ML,"4,29 €","21,45 €/l","inkl. MwSt., zzgl. 4.95 € Versandkosten.",lieferbar innerhalb von 2-5 Werktagen,2023-05-03 01:04:18.637849,Cheese Dip - würziger Dip mit Käse,Hinweis zur Aufbewahrung: Nach dem Öffnen kühl lagern.,"Verantwortliches Lebensmittelunternehmen:
Theodor Kattus GmbH, 49198 Dissen","Zutatenverzeichnis: Wasser, Schmelzkäse 25 % (KÄSE, Wasser, BUTTER, LAKTOSE, Schmelzsalze: Natriumcitrat, Diphosphate, Polyphosphate; MILCHEIWEIß, natürliches Käsearoma (enthält MILCH)), Reisessig, Gemüsepaprika, Zwiebeln, modifizierte Stärke, Zucker, Speisesalz, EIGELB, Tomate, Curcuma, Maltodextrin. Kann Spuren von WEIZEN, SOJA, SELLERIE, SENF und SESAM enthalten.",469,112,"6,6","3,9","7,9","3,7","4,7","2,3",https://www.edeka24.de/Lebensmittel/Sossen/Wuerzsaucen/Fuego-Cheese-Dip-200ML.html,https://www.edeka24.de/out/pictures/generated/product/1/540_540_90/fuegocd.jpg
2248,Lebensmittel,Soßen,Würzsaucen,Lee Kum Kee Sojasauce hell 150ML,"2,29 €","15,27 €/l","inkl. MwSt., zzgl. 4.95 € Versandkosten.",lieferbar innerhalb von 2-5 Werktagen,2023-05-03 01:04:23.327095,-,,"Verantwortliches Lebensmittelunternehmen:
Kreyenhop & Kluge GmbH & Co. KG, DE-28876","Zutatenverzeichnis: Wasser, entfettete SOJABOHNEN (18%), WEIZEN, Salz.",401,95,"0,5","0,1","9,7","2,9",11,"16,9",https://www.edeka24.de/Lebensmittel/Sossen/Wuerzsaucen/Lee-Kum-Kee-Sojasauce-hell-150ML.html,https://www.edeka24.de/out/pictures/generated/product/1/540_540_90/lee_kum_kee_sojasauce_hell_150ml.jpg
2249,Lebensmittel,Soßen,Würzsaucen,Chio Dip! Mild Salsa 200ML,"2,79 €","13,95 €/l","inkl. MwSt., zzgl. 4.95 € Versandkosten.",lieferbar innerhalb von 2-5 Werktagen,2023-05-03 01:04:28.078031,Tomaten-Paprika-Sauce,Hinweis zur Aufbewahrung: Nach dem Öffnen kühl lagern und innerhalb von 7 Tagen aufbrauchen.,"Verantwortliches Lebensmittelunternehmen:
Intersnack Deutschland SE, Erna-Scheffler-Straße 3, 51103 Köln","Zutatenverzeichnis: Trinkwasser, Invertzuckersirup, Tomatenmark (15%), Paprika (10%), Branntweinessig, Speisesalz, Stärke, Zwiebeln, Tomaten, Tomatenpulver, Gewürz, natürliches Aroma.",450,106,"1,2","0,3",22,15,"1,1","2,6",https://www.edeka24.de/Lebensmittel/Sossen/Wuerzsaucen/Chio-Dip-Mild-Salsa-200ML.html,https://www.edeka24.de/out/pictures/generated/product/1/540_540_90/chio_dip_mild_salsa_200ml.jpg
2250,Lebensmittel,Beilagen,Reis,EDEKA Langkorn Spitzenreis Parboiled im Kochbeutel 4x 125G,"1,69 €","3,38 €/kg","inkl. MwSt., zzgl. 4.95 € Versandkosten.",lieferbar innerhalb von 2-5 Werktagen,2023-05-03 01:04:32.723704,Langkorn Spitzenreis Parboiled im Kochbeutel,Hinweis zur Aufbewahrung: Vor Wärme geschützt und trocken lagern.,"Verantwortliches Lebensmittelunternehmen:
EDEKA ZENTRALE Stiftung & Co. KG, D-22291 Hamburg",,353,1496,"1,3","0,3",77,"0,4","7,3","0,01",https://www.edeka24.de/Lebensmittel/Beilagen/Reis/EDEKA-Langkorn-Spitzenreis-Parboiled-im-Kochbeutel-4x-125G.html,https://www.edeka24.de/out/pictures/generated/product/1/540_540_90/edeka_langkparboiled_kb_500g.jpg
2251,Lebensmittel,Beilagen,Reis,Alnatura Bio Himalaya Basmati Reis 1KG,"4,79 €","4,79 €/kg","inkl. MwSt., zzgl. 4.95 € Versandkosten.",lieferbar innerhalb von 2-5 Werktagen,2023-05-03 01:04:37.199053,"Bio Basmatireis, weiß",Hinweis zur Aufbewahrung: Bitte trocken lagern und vor Wärme schützen.,"Verantwortliches Lebensmittelunternehmen:
Alnatura Produktions- und Handels GmbH, Mahatma-Gandhi-Str. 7, 64295 Darmstadt",Zutatenverzeichnis: Basmatireis*. *aus biologischer Landwirtschaft.,1540,363,"1,2","0,4",78,"1,1","9,3","0,03",https://www.edeka24.de/Lebensmittel/Beilagen/Reis/Alnatura-Bio-Himalaya-Basmati-Reis-1KG.html,https://www.edeka24.de/out/pictures/generated/product/1/540_540_90/alnatura_bio_basmati_reis_wei_1_kg.jpg
2252,Lebensmittel,Beilagen,Reis,EDEKA Basmati-Reis im Kochbeutel 4x 125G,"2,69 €","5,38 €/kg","inkl. MwSt., zzgl. 4.95 € Versandkosten.",lieferbar innerhalb von 2-5 Werktagen,2023-05-03 01:04:41.606107,Basmati-Reis im Kochbeutel,Hinweis zur Aufbewahrung: Vor Wärme geschützt und trocken lagern.,"Verantwortliches Lebensmittelunternehmen:
EDEKA ZENTRALE Stiftung & Co. KG, D-22291 Hamburg",,1513,356,"0,8","0,2",78,"0,2","8,5","0,03",https://www.edeka24.de/Lebensmittel/Beilagen/Reis/EDEKA-Basmati-Reis-im-Kochbeutel-4x-125G.html,https://www.edeka24.de/out/pictures/generated/product/1/540_540_90/edeka_basmatireis_im_kochbeutel.jpg
2253,Lebensmittel,Beilagen,Reis,"Maggi Reiskugeln Risi-Bisi mit Gemüsestückchen 4x 31,25G","2,49 €","19,92 €/kg","inkl. MwSt., zzgl. 4.95 € Versandkosten.",lieferbar innerhalb von 2-5 Werktagen,2023-05-03 01:04:46.342990,-,Hinweis zur Aufbewahrung: Trocken lagern und vor Wärme schützen.,,"Zutatenverzeichnis: Langkornreis, Reis, Reismehl, 6,5% Gemüse (Erbsen, Karotten), Palmfett, Jodsalz, Gewürze, Hefeextrakt, Gewürzextrakt, Würze, Zucker, Säuerungsmittel Citronensäure, Petersilie, Salz. Kann GLUTENHALTIGES GETREIDE, EIER, SOJA, MILCH und SELLERIE enthalten.",1617,383,"6,3","3,2",71,"1,2","8,3","3,5",https://www.edeka24.de/Lebensmittel/Beilagen/Reis/Maggi-Reiskugeln-Risi-Bisi-mit-Gemuesestueckchen-4x-31-25G.html,https://www.edeka24.de/out/pictures/generated/product/1/540_540_90/maggireikurisbis.jpg
2255,Lebensmittel,Beilagen,Reis,EDEKA Langkorn Spitzenreis Parboiled lose 500G,"1,29 €","2,58 €/kg","inkl. MwSt., zzgl. 4.95 € Versandkosten.",lieferbar innerhalb von 2-5 Werktagen,2023-05-03 01:04:53.884966,Langkorn Spitzenreis Parboiled,Hinweis zur Aufbewahrung: Vor Wärme geschützt und trocken lagern.,"Verantwortliches Lebensmittelunternehmen:
EDEKA ZENTRALE Stiftung & Co. KG, D-22291 Hamburg",,1493,352,"1,5","0,4",75,"0,5","7,9","0,01",https://www.edeka24.de/Lebensmittel/Beilagen/Reis/EDEKA-Langkorn-Spitzenreis-Parboiled-lose-500G.html,https://www.edeka24.de/out/pictures/generated/product/1/540_540_90/edeka_langkorn_spitzenreis_parboiled_lose.jpg
2256,Lebensmittel,Beilagen,Reis,Oryza Himalaya Basmati Reis lose 500G,"2,19 €","4,38 €/kg","inkl. MwSt., zzgl. 4.95 € Versandkosten.",lieferbar innerhalb von 2-5 Werktagen,2023-05-03 01:04:57.909226,Basmati Reis,Hinweis zur Aufbewahrung: Produkt vor Wärme schützen und trocken lagern.,"Verantwortliches Lebensmittelunternehmen:
Euryza GmbH, Oberwerder Damm 11-21, D-20539 Hamburg",Zutatenverzeichnis: Basmati Reis,1490,351,1,"0,3",75,"0,5","8,8","0,01",https://www.edeka24.de/Lebensmittel/Beilagen/Reis/Oryza-Himalaya-Basmati-Reis-lose-500G.html,https://www.edeka24.de/out/pictures/generated/product/1/540_540_90/himalaya-basmati-reis-lose.jpg
2257,Lebensmittel,Beilagen,Reis,EDEKA Natur-Reis lose 500G,"1,19 €","2,38 €/kg","inkl. MwSt., zzgl. 4.95 € Versandkosten.",lieferbar innerhalb von 2-5 Werktagen,2023-05-03 01:05:02.711559,Langkorn Spitzenreis Naturreis,Hinweis zur Aufbewahrung: Vor Wärme geschützt und trocken lagern.,"Verantwortliches Lebensmittelunternehmen:
EDEKA ZENTRALE Stiftung & Co. KG, D-22291 Hamburg",,1507,355,2,"0,7",76,"0,6","7,3","0,01",https://www.edeka24.de/Lebensmittel/Beilagen/Reis/EDEKA-Natur-Reis-lose-500G.html,https://www.edeka24.de/out/pictures/generated/product/1/540_540_90/edeka_naturreis_lose.jpg
2258,Lebensmittel,Beilagen,Reis,Oryza Jasmin Reis 500G,"2,19 €","4,38 €/kg","inkl. MwSt., zzgl. 4.95 € Versandkosten.",lieferbar innerhalb von 2-5 Werktagen,2023-05-03 01:05:06.599303,Langkorn Reis,Hinweis zur Aufbewahrung: Produkt vor Wärme schützen und trocken lagern.,"Verantwortliches Lebensmittelunternehmen:
Euryza GmbH, Eiffestrasse 585, 20537 Hamburg",Zutatenverzeichnis: Jasmin-Duftreis,1481,349,1,"0,3",76,"0,5","7,5","0,01",https://www.edeka24.de/Lebensmittel/Beilagen/Reis/Oryza-Jasmin-Reis-500G.html,https://www.edeka24.de/out/pictures/generated/product/1/540_540_90/oryzajasminreis.jpg
2259,Lebensmittel,Beilagen,Reis,Oryza Basmati & Wildreis lose 500G,"2,19 €","4,38 €/kg","inkl. MwSt., zzgl. 4.95 € Versandkosten.",lieferbar innerhalb von 2-5 Werktagen,2023-05-03 01:05:09.956167,-,Hinweis zur Aufbewahrung: Produkt vor Wärme schützen und trocken lagern.,"Verantwortliches Lebensmittelunternehmen:
Euryza GmbH, Oberwerder Damm 11-21, D-20539 Hamburg","Zutatenverzeichnis: Basmati Reis (85%), Wildreis (15%).",1494,352,"1,1","0,3",74,"0,5","9,5","0,01",https://www.edeka24.de/Lebensmittel/Beilagen/Reis/Oryza-Basmati-Wildreis-lose-500G.html,https://www.edeka24.de/out/pictures/generated/product/1/540_540_90/basmati--wildreis-lose.jpg
2260,Lebensmittel,Beilagen,Reis,Alnatura Bio Milchreis 500G,"2,39 €","4,78 €/kg","inkl. MwSt., zzgl. 4.95 € Versandkosten.",lieferbar innerhalb von 2-5 Werktagen,2023-05-03 01:05:13.375363,-,Hinweis zur Aufbewahrung: Bitte trocken lagern.,"Verantwortliches Lebensmittelunternehmen:
Alnatura Produktions- und Handels GmbH, Mahatma-Gandhi-Str. 7, 64295 Darmstadt","Zutatenverzeichnis: Rundkornreis* *aus biologischer Landwirtschaft . Kann Spuren von MANDEL, CASHEWNUSS und SESAM enthalten.",1489,351,"0,8","0,2",78,"0,7","7,2","0,04",https://www.edeka24.de/Lebensmittel/Beilagen/Reis/Alnatura-Bio-Milchreis-500G.html,https://www.edeka24.de/out/pictures/generated/product/1/540_540_90/bio_alnatura_milchreis_500g.jpg
2261,Lebensmittel,Beilagen,Reis,Oryza Ideal Reis lose 500G,"1,79 €","3,58 €/kg","inkl. MwSt., zzgl. 4.95 € Versandkosten.",lieferbar innerhalb von 2-5 Werktagen,2023-05-03 01:05:16.789634,-,Hinweis zur Aufbewahrung: Produkt vor Wärme schützen und trocken lagern.,"Verantwortliches Lebensmittelunternehmen:
Euryza GmbH, Oberwerder Damm 11-21, D-20539 Hamburg",Zutatenverzeichnis: Langkorn Parboiled Reis,1479,349,"1,8","0,5",75,"0,5","6,9","0,01",https://www.edeka24.de/Lebensmittel/Beilagen/Reis/Oryza-Ideal-Reis-lose-500G.html,https://www.edeka24.de/out/pictures/generated/product/1/540_540_90/ideal-reis-lose.jpg
2262,Lebensmittel,Beilagen,Reis,Alnatura Bio Langkornreis parboiled 1KG,"3,29 €","3,29 €/kg","inkl. MwSt., zzgl. 4.95 € Versandkosten.",lieferbar innerhalb von 2-5 Werktagen,2023-05-03 01:05:20.343380,"Bio Langkornreis, parboiled",Hinweis zur Aufbewahrung: Bitte trocken lagern.,"Verantwortliches Lebensmittelunternehmen:
Alnatura GmbH, Mahatma-Gandhi-Straße 7, 64295 Darmstadt",,1518,357,"0,3","0,1",81,"0,5","7,4","0,02",https://www.edeka24.de/Lebensmittel/Beilagen/Reis/Alnatura-Bio-Langkornreis-parboiled-1KG.html,https://www.edeka24.de/out/pictures/generated/product/1/540_540_90/alnatura_bio_langkornreis_parboiled_1kg.jpg
2263,Lebensmittel,Beilagen,Reis,Alnatura Bio Himalaya Basmati Reis weiß 500G,"2,99 €","5,98 €/kg","inkl. MwSt., zzgl. 4.95 € Versandkosten.",lieferbar innerhalb von 2-5 Werktagen,2023-05-03 01:05:24.782602,-,Hinweis zur Aufbewahrung: Bitte trocken lagern.,"Verantwortliches Lebensmittelunternehmen:
Alnatura Produktions- und Handels GmbH, Mahatma-Gandhi-Str. 7, 64295 Darmstadt",Zutatenverzeichnis: Basmatireis*. *aus biologischer Landwirtschaft.,1540,363,"1,2","0,4",78,"1,1","9,3","0,03",https://www.edeka24.de/Lebensmittel/Beilagen/Reis/Alnatura-Bio-Himalaya-Basmati-Reis-weiss-500G.html,https://www.edeka24.de/out/pictures/generated/product/1/540_540_90/alnatura_bio_basmati_reis_wei_500g.jpg
2264,Lebensmittel,Beilagen,Reis,EDEKA Bio Basmati Reis 400G,"2,79 €","6,98 €/kg","inkl. MwSt., zzgl. 4.95 € Versandkosten.",lieferbar innerhalb von 2-5 Werktagen,2023-05-03 01:05:28.735079,Bio Basmati-Reis,,"Verantwortliches Lebensmittelunternehmen:
EDEKA Zentrale Stiftung & Co. KG, 22291 Hamburg",,1506,355,"0,8","0,2","77,6","0,2","8,5","0,03",https://www.edeka24.de/Lebensmittel/Beilagen/Reis/EDEKA-Bio-Basmati-Reis-400G.html,https://www.edeka24.de/out/pictures/generated/product/1/540_540_90/edeka_bio_basmati_reis_400g.jpg
2265,Lebensmittel,Beilagen,Reis,Jasberry Bio Express Superfood-Reis Kokosnuss 200G,"2,79 €","13,95 €/kg","inkl. MwSt., zzgl. 4.95 € Versandkosten.",lieferbar innerhalb von 2-5 Werktagen,2023-05-03 01:05:32.200375,Bio Jasberry Reis dampfgegart mit Kokosmilch und Kokosraspeln (2%),Hinweis zur Aufbewahrung: Bei Raumtemperatur und vor Sonnenlicht geschützt lagern. nach dem Öffnen im Kühlschrank aufbewahren und innerhalb von 2 Tagen verzehren.,"Verantwortliches Lebensmittelunternehmen:
Eco United GmbH, Berliner Strasse 65, 14169 Berlin","Zutatenverzeichnis: Vollkorn-Jasberry Reis (82%)*, Kokosmilch (7%)* (Kokosnuss* (60%), Wasser, Guarkernmehl*), Kokosraspeln (2%)*, Zucker*, Salz *aus kontrolliert ökologischer Erzeugung",702,166,"2,3","1,5",31,2,"4,2","0,52",https://www.edeka24.de/Lebensmittel/Beilagen/Reis/Jasberry-Bio-Express-Superfood-Reis-Kokosnuss-200G.html,https://www.edeka24.de/out/pictures/generated/product/1/540_540_90/bio_jasberry_express_reis_kokos_200g.jpg
2266,Lebensmittel,Beilagen,Reis,Alnatura Bio Himalaya Basmati Vollkorn Reis 500G,"2,99 €","5,98 €/kg","inkl. MwSt., zzgl. 4.95 € Versandkosten.",lieferbar innerhalb von 2-5 Werktagen,2023-05-03 01:05:36.143845,Bio Basmati-Vollkornreis,Hinweis zur Aufbewahrung: Bitte trocken lagern.,"Verantwortliches Lebensmittelunternehmen:
Alnatura Produktions- und Handels GmbH, Mahatma-Gandhi-Str. 7, 64295 Darmstadt",Zutatenverzeichnis: Basmatireis*. *aus biologischer Landwirtschaft.,1490,351,"2,2","0,6",74,"0,6","7,8","0,03",https://www.edeka24.de/Lebensmittel/Beilagen/Reis/Alnatura-Bio-Himalaya-Basmati-Vollkorn-Reis-500G.html,https://www.edeka24.de/out/pictures/generated/product/1/540_540_90/alnatura_bio_basmati_reis_vollkorn_500_g.jpg
2267,Lebensmittel,Beilagen,Reis,Oryza Risotto Reis 1KG,"3,99 €","3,99 €/kg","inkl. MwSt., zzgl. 4.95 € Versandkosten.",lieferbar innerhalb von 2-5 Werktagen,2023-05-03 01:05:40.125817,-,Hinweis zur Aufbewahrung: Produkt vor Wärme schützen und trocken lagern.,"Verantwortliches Lebensmittelunternehmen:
Euryza GmbH, Eiffestrasse 585, 20537 Hamburg",Zutatenverzeichnis: Mittelkorn Reis,1448,342,"1,1","0,3",73,"0,5","7,8","0,01",https://www.edeka24.de/Lebensmittel/Beilagen/Reis/Oryza-Risotto-Reis-1KG.html,https://www.edeka24.de/out/pictures/generated/product/1/540_540_90/oryza_risotto_reis_1kg.jpg
2268,Lebensmittel,Beilagen,Reis,EDEKA Bio Jasmin Duftreis Thai Hom Mali 400G,"2,79 €","6,98 €/kg","inkl. MwSt., zzgl. 4.95 € Versandkosten.",lieferbar innerhalb von 2-5 Werktagen,2023-05-03 01:05:43.690194,Bio Jasmin-Spitzenreis aus Thailand,,"Verantwortliches Lebensmittelunternehmen:
EDEKA Zentrale Stiftung & Co. KG, 22291 Hamburg",,1470,346,"0,6","0,1","77,7","0,2","6,8","0,03",https://www.edeka24.de/Lebensmittel/Beilagen/Reis/EDEKA-Bio-Jasmin-Duftreis-Thai-Hom-Mali-400G.html,https://www.edeka24.de/out/pictures/generated/product/1/540_540_90/bio_edeka_jasmin_duftreis_400g.jpg
2269,Lebensmittel,Beilagen,Reis,Miyako Sushi Reis Rundkorn 500G,"2,69 €","5,38 €/kg","inkl. MwSt., zzgl. 4.95 € Versandkosten.",lieferbar innerhalb von 2-5 Werktagen,2023-05-03 01:05:46.664767,Sushi Reis,,"Verantwortliches Lebensmittelunternehmen:
Kreyenhop & Kluge GmbH & Co. KG, DE-28876",Zutatenverzeichnis: Rundkorn-Reis (100%).,1463,345,"0,9","0,2",77,"0,5","6,3","0,01",https://www.edeka24.de/Lebensmittel/Beilagen/Reis/Miyako-Sushi-Reis-Rundkorn-500G.html,https://www.edeka24.de/out/pictures/generated/product/1/540_540_90/miyako_sushi_reis_rundkorn_500g.jpg
2270,Lebensmittel,Beilagen,Reis,Oryza Bio Ideal Reis 500G,"3,79 €","7,58 €/kg","inkl. MwSt., zzgl. 4.95 € Versandkosten.",lieferbar innerhalb von 2-5 Werktagen,2023-05-03 01:05:49.804954,-,Hinweis zur Aufbewahrung: Produkt vor Wärme schützen und trocken lagern.,"Verantwortliches Lebensmittelunternehmen:
Euryza GmbH, Eiffestrasse 585, 20537 Hamburg",Zutatenverzeichnis: Langkorn Parboiled Reis,1479,349,"1,8","0,5",75,0,"6,9",0,https://www.edeka24.de/Lebensmittel/Beilagen/Reis/Oryza-Bio-Ideal-Reis-500G.html,https://www.edeka24.de/out/pictures/generated/product/1/540_540_90/bio_oryza_ideal_reis_500g.jpg
2272,Lebensmittel,Beilagen,Reis,EDEKA Bio Naturreis Langkorn 400G,"2,79 €","6,98 €/kg","inkl. MwSt., zzgl. 4.95 € Versandkosten.",lieferbar innerhalb von 2-5 Werktagen,2023-05-03 01:05:56.423837,Indischer Langkorn-Naturreis,,"Verantwortliches Lebensmittelunternehmen:
EDEKA Zentrale Stiftung & Co. KG, 22291 Hamburg",,1538,363,"2,3","0,7","75,8","1,9","7,8","0,03",https://www.edeka24.de/Lebensmittel/Beilagen/Reis/EDEKA-Bio-Naturreis-Langkorn-400G.html,https://www.edeka24.de/out/pictures/generated/product/1/540_540_90/bio_edeka_naturreis_langkorn_400g.jpg
2273,Lebensmittel,Beilagen,Reis,Oryza Natur Reis 1KG,"3,29 €","3,29 €/kg","inkl. MwSt., zzgl. 4.95 € Versandkosten.",lieferbar innerhalb von 2-5 Werktagen,2023-05-03 01:05:59.378557,-,Hinweis zur Aufbewahrung: Produkt vor Wärme schützen und trocken lagern.,"Verantwortliches Lebensmittelunternehmen:
Euryza GmbH, Oberwerder Damm 11-21, 20539 Hamburg",Zutatenverzeichnis: Langkorn Vollkornreis,344,1455,"2,5","0,5",69,"0,5","9,1","0,01",https://www.edeka24.de/Lebensmittel/Beilagen/Reis/Oryza-Natur-Reis-1KG.html,https://www.edeka24.de/out/pictures/generated/product/1/540_540_90/oryzanaturreis.jpg
2275,Lebensmittel,Beilagen,Reis,EDEKA Parboiled Langkorn- & Wild-Reis 500G,"2,29 €","4,58 €/kg","inkl. MwSt., zzgl. 4.95 € Versandkosten.",lieferbar innerhalb von 2-5 Werktagen,2023-05-03 01:06:11.858774,Mischung aus Langkorn Spitzenreis Parboilled und Wildreis,Hinweis zur Aufbewahrung: Vor Wärme geschützt und trocken lagern,"Verantwortliches Lebensmittelunternehmen:
EDEKA ZENTRALE Stiftung & Co. KG, D-22291 Hamburg","Zutatenverzeichnis: 84% Langkorn Spitzenreis Parboiled, 16% Wildreis.",358,1519,1,"0,4",78,"0,7","8,1","0,01",https://www.edeka24.de/Lebensmittel/Beilagen/Reis/EDEKA-Parboiled-Langkorn-Wild-Reis-500G.html,https://www.edeka24.de/out/pictures/generated/product/1/540_540_90/edeka_parboiled_langkorn_amp_wildreis.jpg
2276,Lebensmittel,Beilagen,Reis,Gallo Venere Schwarzer Vollkornreis 500G,"3,49 €","6,98 €/kg","inkl. MwSt., zzgl. 4.95 € Versandkosten.",lieferbar innerhalb von 2-5 Werktagen,2023-05-03 01:06:14.896559,Italienischer Schwarzer Parboiled Vollkornreis,,"Verantwortliches Lebensmittelunternehmen:
Riso Gallo S.p.A., C. P. Servizio Consumatori, 27038 Robbio (PV)",,1503,355,"2,9","0,6","73,1","0,9","7,2",0,https://www.edeka24.de/Lebensmittel/Beilagen/Reis/Gallo-Venere-Schwarzer-Vollkornreis-500G.html,https://www.edeka24.de/out/pictures/generated/product/1/540_540_90/venere.jpg
2277,Lebensmittel,Beilagen,Reis,Alnatura Bio Naturreis mit Wildreis 500G,"4,79 €","9,58 €/kg","inkl. MwSt., zzgl. 4.95 € Versandkosten.",lieferbar innerhalb von 2-5 Werktagen,2023-05-03 01:06:17.306506,Bio Naturreis mit Wildreis,Hinweis zur Aufbewahrung: Bitte trocken lagern.,"Verantwortliches Lebensmittelunternehmen:
Alnatura Produktions- und Handels GmbH, Mahatma-Gandhi-Str. 7, 64295 Darmstadt","Zutatenverzeichnis: Naturreis Langkorn* 80 %, Wildreis* 20% *aus biologischer Landwirtschaft . Kann Spuren von MANDEL, CASHEWNUSS und SESAM enthalten.",1498,353,"2,1","0,6",73,"1,1","9,5","0,02",https://www.edeka24.de/Lebensmittel/Beilagen/Reis/Alnatura-Bio-Naturreis-mit-Wildreis-500G.html,https://www.edeka24.de/out/pictures/generated/product/1/540_540_90/bio_alnatura_naturreis_mit_wildreis_500g.jpg
2278,Lebensmittel,Beilagen,Reis,Alnatura Bio Naturreis Langkorn 1KG,"3,29 €","3,29 €/kg","inkl. MwSt., zzgl. 4.95 € Versandkosten.",lieferbar innerhalb von 2-5 Werktagen,2023-05-03 01:06:20.143371,-,Hinweis zur Aufbewahrung: Bitte trocken lagern.,"Verantwortliches Lebensmittelunternehmen:
Alnatura Produktions- und Handels GmbH, Mahatma-Gandhi-Str. 7, 64295 Darmstadt","Zutatenverzeichnis: Kann Spuren von MANDEL, CASHEWNUSS und SESAM enthalten.",1490,351,"2,2","0,6",74,"0,7","7,8","0,01",https://www.edeka24.de/Lebensmittel/Beilagen/Reis/Alnatura-Bio-Naturreis-Langkorn-1KG.html,https://www.edeka24.de/out/pictures/generated/product/1/540_540_90/bio_alnatura_naturreis_langkorn_1kg.jpg
2279,Lebensmittel,Beilagen,Reis,Jasberry Bio Superfood-Reis-Mix 250G,"3,29 €","13,16 €/kg","inkl. MwSt., zzgl. 4.95 € Versandkosten.",lieferbar innerhalb von 2-5 Werktagen,2023-05-03 01:06:23.152073,-,Hinweis zur Aufbewahrung: Kühl und trocken lagern. Nach dem ersten Öffnen innerhalb eines Monats verbrauchen oder im Kühlschrank bis max. MHD lagern.,"Verantwortliches Lebensmittelunternehmen:
Eco United GmbH, Berliner Strasse 65, 14169 Berlin","Zutatenverzeichnis: Vollkorn-Jasberry Reis* (50%), Vollkorn-Jasminreis* (50%) *aus kontrolliert ökologischer Erzeugung",1436,339,"3,1","0,7","66,8","0,7","8,9","0,01",https://www.edeka24.de/Lebensmittel/Beilagen/Reis/Jasberry-Bio-Superfood-Reis-Mix-250G.html,https://www.edeka24.de/out/pictures/generated/product/1/540_540_90/bio_jasberry_reis_mix_250g.jpg
2280,Lebensmittel,Beilagen,Nudeln,EDEKA Bio Fusilli rote Linsen 250G,"1,69 €","6,76 €/kg","inkl. MwSt., zzgl. 4.95 € Versandkosten.",lieferbar innerhalb von 2-5 Werktagen,2023-05-03 01:06:26.207871,Pasta aus 100% roten Linsen,Hinweis zur Aufbewahrung: Vor Wärme und Licht geschützt und trocken lagern.,"Verantwortliches Lebensmittelunternehmen:
EDEKA ZENTRALE Stiftung & Co. KG, D-22291 Hamburg",Zutatenverzeichnis: 100% Rote-Linsen-Mehl*. Das Produkt kann Spuren von EI und SOJA enthalten. *aus kontrolliert ökologischer Landwirtschaft,1453,343,"1,7","0,3",56,"2,2",23,"0,003",https://www.edeka24.de/index.php?cl=details&anid=f90c1eadc8a41c6d32c35a51f5e9f99a&emcs0=3&emcs1=Kategorieseite%20-%20Topseller&emcs2=&emcs3=4112176000,https://www.edeka24.de/out/pictures/generated/product/1/540_540_90/bio_edeka_fusilli_rote_linsen_250g.jpg
2281,Lebensmittel,Beilagen,Nudeln,Barilla Nudeln Gobbetti 500G,"2,49 €","4,98 €/kg","inkl. MwSt., zzgl. 4.95 € Versandkosten.",lieferbar innerhalb von 2-5 Werktagen,2023-05-03 01:06:29.120670,TEIGWAREN AUS HARTWEIZENGRIESS,Hinweis zur Aufbewahrung: Kühl und trocken lagern,"Verantwortliches Lebensmittelunternehmen:
Barilla G. e R. Fratelli - Società per Azioni, Via Mantova 166, Parma - Italy.","Zutatenverzeichnis: HARTWEIZENGRIESS, Wasser. KANN SPUREN VON EI ENTHALTEN, WENN DAS PRODUKT IN DEM MIT DEM BUCHSTABEN (A) GEKENNZEICHNETEN WERK HERGESTELLT WURDE.",1521,359,2,"0,5","71,7","3,5",12,"0,013",https://www.edeka24.de/index.php?cl=details&anid=jmp4af2ad7fd31991.41977468&emcs0=3&emcs1=Kategorieseite%20-%20Topseller&emcs2=&emcs3=138902001,https://www.edeka24.de/out/pictures/generated/product/1/540_540_90/barilla_nudeln_gobbetti.jpg
2282,Lebensmittel,Beilagen,Nudeln,3 Glocken Genuss Pur Spiralen 500G,"1,99 €","3,98 €/kg","inkl. MwSt., zzgl. 4.95 € Versandkosten.",lieferbar innerhalb von 2-5 Werktagen,2023-05-03 01:06:31.773864,Hartweizennudeln,Hinweis zur Aufbewahrung: Trocken lagern.,"Verantwortliches Lebensmittelunternehmen:
Newlat GmbH, 68070 Mannheim","Zutatenverzeichnis: HARTWEIZENGRIEß, Quellwasser",352,1491,"1,5","0,4",71,3,12,"0,005",https://www.edeka24.de/index.php?cl=details&anid=ZxCZKHwXex0t2JmGWBzBEd-1&emcs0=3&emcs1=Kategorieseite%20-%20Topseller&emcs2=&emcs3=130236007,https://www.edeka24.de/out/pictures/generated/product/1/540_540_90/3_glocken_genuss_pur_nudeln_spiralen.jpg
2283,Lebensmittel,Beilagen,Nudeln,Barilla Nudeln Maccheroni No.44 500G,"2,49 €","4,98 €/kg","inkl. MwSt., zzgl. 4.95 € Versandkosten.",lieferbar innerhalb von 2-5 Werktagen,2023-05-03 01:06:34.314129,TEIGWAREN AUS HARTWEIZENGRIESS,Hinweis zur Aufbewahrung: Kühl und trocken lagern,"Verantwortliches Lebensmittelunternehmen:
Barilla G. e R. Fratelli - Società per Azioni, Barilla G. e R. Fratelli - Società per Azioni - Via Mantova 166, Parma - Italy.","Zutatenverzeichnis: HARTWEIZENGRIESS, Wasser. KANN SPUREN VON SOJABOHNEN ENTHALTEN. KANN SPUREN VON EIERN ENTHALTEN, WENN DAS PRODUKT IN DEM MIT DEM BUCHSTABEN (A) GEKENNZEICHNETEN WERK HERGESTELLT WURDE",359,1521,2,"0,5","71,2","3,5","12,5","0,013",https://www.edeka24.de/index.php?cl=details&anid=JpmDLtcGfx0t2JmGWBzBEd-1&emcs0=3&emcs1=Kategorieseite%20-%20Topseller&emcs2=&emcs3=128857005,https://www.edeka24.de/out/pictures/generated/product/1/540_540_90/barilla_nudeln_maccheroni_no_44.jpg
2284,Lebensmittel,Beilagen,Nudeln,Birkel Hörnchen 500G,"2,29 €","4,58 €/kg","inkl. MwSt., zzgl. 4.95 € Versandkosten.",lieferbar innerhalb von 2-5 Werktagen,2023-05-03 01:06:37.368402,Frischeinudeln,Hinweis zur Aufbewahrung: Trocken lagern.,"Verantwortliches Lebensmittelunternehmen:
Newlat GmbH, Franzosenstraße 9, 68169 Mannheim","Zutatenverzeichnis: HARTWEIZENGRIEß, FRISCHEI (10%). Kann Spuren von SOJA enthalten.",1528,361,"2,5","0,5",70,3,13,"0,05",https://www.edeka24.de/index.php?cl=details&anid=c284d997dac175878.86312021&emcs0=3&emcs1=Kategorieseite%20-%20Topseller&emcs2=&emcs3=128731004,https://www.edeka24.de/out/pictures/generated/product/1/540_540_90/birkel_hrnchen_500g.jpg
2285,Lebensmittel,Beilagen,Nudeln,EDEKA Italia Nudeln Spaghetti 500G,"1,49 €","2,98 €/kg","inkl. MwSt., zzgl. 4.95 € Versandkosten.",lieferbar innerhalb von 2-5 Werktagen,2023-05-03 01:06:40.562969,Italienische Hartweizenteigware,,"Verantwortliches Lebensmittelunternehmen:
EDEKA ZENTRALE Stiftung & Co. KG, D-22291 Hamburg",Zutatenverzeichnis: HARTWEIZENGRIEß.,374,1584,"1,5","0,3",75,3,"13,5","0,01",https://www.edeka24.de/Lebensmittel/Beilagen/Nudeln/EDEKA-Italia-Nudeln-Spaghetti-500G.html,https://www.edeka24.de/out/pictures/generated/product/1/540_540_90/edeka_italia_nudeln_spaghetti.jpg
2286,Lebensmittel,Beilagen,Nudeln,Delverde Nudeln Eliche 500G,"1,99 €","3,98 €/kg","inkl. MwSt., zzgl. 4.95 € Versandkosten.",lieferbar innerhalb von 2-5 Werktagen,2023-05-03 01:06:43.644973,Teigwaren aus Hartweizengrieß.,Hinweis zur Aufbewahrung: Kühl und trocken lagern.,"Verantwortliches Lebensmittelunternehmen:
Newlat S.p.A., Via J.F.Kennedy, 16 - 42124 Reggio Emilia - Italy",Zutatenverzeichnis: HARTWEIZENGRIEß. Kann Spuren SOJA enthalten.,1510,356,"1,9","0,8","71,8","3,5","11,5","0,008",https://www.edeka24.de/Lebensmittel/Beilagen/Nudeln/Delverde-Nudeln-Eliche-500G.html,https://www.edeka24.de/out/pictures/generated/product/1/540_540_90/buitoni_nudeln_eliche_500_g.jpg
2287,Lebensmittel,Beilagen,Nudeln,EDEKA Italia Nudeln Maccaroni 500G,"1,49 €","2,98 €/kg","inkl. MwSt., zzgl. 4.95 € Versandkosten.",lieferbar innerhalb von 2-5 Werktagen,2023-05-03 01:06:46.660979,Italienische Hartweizenteigware,Hinweis zur Aufbewahrung: Kühl und trocken lagern.,"Verantwortliches Lebensmittelunternehmen:
EDEKA ZENTRALE Stiftung & Co. KG, D-22291 Hamburg",Zutatenverzeichnis: HARTWEIZENGRIEß.,374,1584,"1,5","0,3",75,3,"13,5","0,01",https://www.edeka24.de/Lebensmittel/Beilagen/Nudeln/EDEKA-Italia-Nudeln-Maccaroni-500G.html,https://www.edeka24.de/out/pictures/generated/product/1/540_540_90/edeka_italia_nudeln_maccaroni.jpg
2288,Lebensmittel,Beilagen,Nudeln,EDEKA Italia Nudeln Farfalle 500G,"1,49 €","2,98 €/kg","inkl. MwSt., zzgl. 4.95 € Versandkosten.",lieferbar innerhalb von 2-5 Werktagen,2023-05-03 01:06:49.658538,Italienische Hartweizenteigware,Hinweis zur Aufbewahrung: Kühl und trocken lagern.,"Verantwortliches Lebensmittelunternehmen:
EDEKA ZENTRALE Stiftung & Co. KG, D-22291 Hamburg",Zutatenverzeichnis: HARTWEIZENGRIEß. Kann Spuren von SOJA enthalten.,374,1584,"1,5","0,3",75,3,"13,5","0,01",https://www.edeka24.de/Lebensmittel/Beilagen/Nudeln/EDEKA-Italia-Nudeln-Farfalle-500G.html,https://www.edeka24.de/out/pictures/generated/product/1/540_540_90/edeka_italia_nudeln_farfalle.jpg
2289,Lebensmittel,Beilagen,Nudeln,Barilla Nudeln Penne Rigate 500G,"2,49 €","4,98 €/kg","inkl. MwSt., zzgl. 4.95 € Versandkosten.",lieferbar innerhalb von 2-5 Werktagen,2023-05-03 01:06:52.671265,Teigwaren aus Hartweizengriess.,"Hinweis zur Aufbewahrung: Trocken, vor Licht und Wärme geschützt lagern.","Verantwortliches Lebensmittelunternehmen:
Barilla G. e R. Fratelli S.p.A., Via Mantova 166, Parma - Italy.","Zutatenverzeichnis: HARTWEIZENGRIESS, Wasser. Kann Spuren von SOJABOHNEN enthalten. Kann Spuren von EIERN enthalten, wenn das Produkt in dem mit dem Buchstaben (A) gekennzeichneten Werk hergestellt wurde.",1521,359,2,"0,5",71,"3,5",13,"0,01",https://www.edeka24.de/Lebensmittel/Beilagen/Nudeln/Barilla-Nudeln-Penne-Rigate-500G.html,https://www.edeka24.de/out/pictures/generated/product/1/540_540_90/barilla_nudeln_penne_rigate_500g.jpg
2290,Lebensmittel,Beilagen,Nudeln,EDEKA Italia Spirali Tricolori 500G,"1,49 €","2,98 €/kg","inkl. MwSt., zzgl. 4.95 € Versandkosten.",lieferbar innerhalb von 2-5 Werktagen,2023-05-03 01:06:55.818673,Teigware aus Hartweizengrieß,Hinweis zur Aufbewahrung: kühl und trocken lagern,"Verantwortliches Lebensmittelunternehmen:
EDEKA ZENTRALE Stiftung & Co. KG, D-22291 Hamburg","Zutatenverzeichnis: HARTWEIZENGRIEß, 3% Spinatpulver, 3% Tomatenmark.",1584,374,"1,5","0,3",75,3,"13,5","0,01",https://www.edeka24.de/Lebensmittel/Beilagen/Nudeln/EDEKA-Italia-Spirali-Tricolori-500G.html,https://www.edeka24.de/out/pictures/generated/product/1/540_540_90/edeka_italia_nudeln_spirali_tricolori.jpg
2291,Lebensmittel,Beilagen,Nudeln,Delverde Nudeln Farfalle 500G,"1,99 €","3,98 €/kg","inkl. MwSt., zzgl. 4.95 € Versandkosten.",lieferbar innerhalb von 2-5 Werktagen,2023-05-03 01:06:58.968552,Teigwaren aus Hartweizengrieß,Hinweis zur Aufbewahrung: Kühl und trocken lagern,"Verantwortliches Lebensmittelunternehmen:
Newlat S.p.A., Via J.F. Kennedy, 16- 42124 Reggio Emilia-Italy",Zutatenverzeichnis: HARTWEIZENGRIEß. Kann Spuren SOJA enthalten.,356,1510,"1,9","0,8","71,8","3,5","11,5","0,008",https://www.edeka24.de/Lebensmittel/Beilagen/Nudeln/Delverde-Nudeln-Farfalle-500G.html,https://www.edeka24.de/out/pictures/generated/product/1/540_540_90/buitoni_nudeln_farfalle_500_g.jpg
2292,Lebensmittel,Beilagen,Nudeln,Delverde Nudeln Cellentani 500G,"1,99 €","3,98 €/kg","inkl. MwSt., zzgl. 4.95 € Versandkosten.",lieferbar innerhalb von 2-5 Werktagen,2023-05-03 01:07:01.700861,Teigwaren aus Hartweizengrieß,Hinweis zur Aufbewahrung: Kühl und trocken lagern.,"Verantwortliches Lebensmittelunternehmen:
Newlat GmbH, 68070 Mannheim",Zutatenverzeichnis: HARTWEIZENGRIESS. Kann Spuren SOJA enthalten.,"1510,00000","356,00000","1,90000","0,80000","71,80000","3,50000","11,50000","0,00800",https://www.edeka24.de/Lebensmittel/Beilagen/Nudeln/Delverde-Nudeln-Cellentani-500G.html,https://www.edeka24.de/out/pictures/generated/product/1/540_540_90/buitoni_nudeln_cellentani_500_g.jpg
2293,Lebensmittel,Beilagen,Nudeln,Delverde Nudeln Spaghetti 72 500G,"1,99 €","3,98 €/kg","inkl. MwSt., zzgl. 4.95 € Versandkosten.",lieferbar innerhalb von 2-5 Werktagen,2023-05-03 01:07:04.171206,Teigwaren aus Hartweizengrieß.,Hinweis zur Aufbewahrung: Kühl und trocken lagern.,"Verantwortliches Lebensmittelunternehmen:
Newlat S.p.A., Via J.F.Kennedy, 16 - 42124 Reggio Emilia - Italy",Zutatenverzeichnis: HARTWEIZENGRIEß. Kann Spuren SOJA enthalten.,356,1510,"1,9","0,8","71,8","3,5","11,5","0,008",https://www.edeka24.de/Lebensmittel/Beilagen/Nudeln/Delverde-Nudeln-Spaghetti-72-500G.html,https://www.edeka24.de/out/pictures/generated/product/1/540_540_90/buitoni_nudeln_spaghetti_72.jpg
2294,Lebensmittel,Beilagen,Nudeln,Barilla Nudeln Girandole 500G,"2,49 €","4,98 €/kg","inkl. MwSt., zzgl. 4.95 € Versandkosten.",lieferbar innerhalb von 2-5 Werktagen,2023-05-03 01:07:06.823899,Teigwaren aus Hartweizengrieß,Hinweis zur Aufbewahrung: Kühl und trocken lagern,"Verantwortliches Lebensmittelunternehmen:
Barilla G. e R. Fratelli - Società per Azioni, Via Mantova 166, I-43122 Parma","Zutatenverzeichnis: HARTWEIZENGRIESS, Wasser. Kann Spuren von SOJABOHNEN enthalten. Kann Spuren von EI enthalten, wenn das Produkt in dem mit dem Buchstaben (A) gekennzeichneten Werk hergestellt wurde.",1521,359,2,"0,5","71,7","3,5",12,"0,013",https://www.edeka24.de/Lebensmittel/Beilagen/Nudeln/Barilla-Nudeln-Girandole-500G.html,https://www.edeka24.de/out/pictures/generated/product/1/540_540_90/barilla_nudeln_girandole.jpg
2295,Lebensmittel,Beilagen,Nudeln,Barilla Nudeln Tortiglioni 500G,"2,49 €","4,98 €/kg","inkl. MwSt., zzgl. 4.95 € Versandkosten.",lieferbar innerhalb von 2-5 Werktagen,2023-05-03 01:07:09.702951,TEIGWAREN AUS HARTWEIZENGRIESS,"Hinweis zur Aufbewahrung: Trocken, vor Licht und Wärme geschützt lagern.","Verantwortliches Lebensmittelunternehmen:
Barilla Deutschland GmbH, Gustav-Heinemann-Ufer 72c, 50968 Köln","Zutatenverzeichnis: HARTWEIZENGRIESS, Wasser. Kann Spuren von SOJABOHNEN enthalten. Kann Spuren von EIERN enthalten, wenn das Produkt in dem mit dem Buchstaben (A) gekennzeichneten Werk hergestellt wurde",1521,359,2,"0,5","71,2","3,5","12,5","0,013",https://www.edeka24.de/Lebensmittel/Beilagen/Nudeln/Barilla-Nudeln-Tortiglioni-500G.html,https://www.edeka24.de/out/pictures/generated/product/1/540_540_90/barilla_nudeln_tortiglioni.jpg
2296,Lebensmittel,Beilagen,Nudeln,Delverde Nudeln Tortiglioni 500G,"1,99 €","3,98 €/kg","inkl. MwSt., zzgl. 4.95 € Versandkosten.",lieferbar innerhalb von 2-5 Werktagen,2023-05-03 01:07:12.768233,Teigwaren aus Hartweizengrieß.,Hinweis zur Aufbewahrung: Kühl und trocken lagern.,"Verantwortliches Lebensmittelunternehmen:
Newlat S.p.A., Via J.F.Kennedy, 16 - 42124 Reggio Emilia - Italy",Zutatenverzeichnis: HARTWEIZENGRIEß. Kann Spuren SOJA enthalten.,356,1510,"1,9","0,8","71,8","3,5","11,5","0,008",https://www.edeka24.de/Lebensmittel/Beilagen/Nudeln/Delverde-Nudeln-Tortiglioni-500G.html,https://www.edeka24.de/out/pictures/generated/product/1/540_540_90/buitoni_nudeln_tortiglioni_500_g.jpg
2297,Lebensmittel,Beilagen,Nudeln,Delverde Nudeln Gnocchi 500G,"1,99 €","3,98 €/kg","inkl. MwSt., zzgl. 4.95 € Versandkosten.",lieferbar innerhalb von 2-5 Werktagen,2023-05-03 01:07:16.277930,Teigwaren aus Hartweizengrieß.,Hinweis zur Aufbewahrung: Kühl und trocken lagern.,"Verantwortliches Lebensmittelunternehmen:
Newlat S.p.A., Via J.F.Kennedy, 16 - 42124 Reggio Emilia - Italy",Zutatenverzeichnis: HARTWEIZENGRIEß. Kann Spuren SOJA enthalten.,1510,356,"1,9","0,8","71,8","3,5","11,5","0,008",https://www.edeka24.de/Lebensmittel/Beilagen/Nudeln/Delverde-Nudeln-Gnocchi-500G.html,https://www.edeka24.de/out/pictures/generated/product/1/540_540_90/buitoni_nudeln_gnocchi_500_g.jpg
2298,Lebensmittel,Beilagen,Nudeln,Alnatura Bio Vollkorn Mini Penne 500G,"2,19 €","4,38 €/kg","inkl. MwSt., zzgl. 4.95 € Versandkosten.",lieferbar innerhalb von 2-5 Werktagen,2023-05-03 01:07:19.070315,Bio Teigwaren aus Vollkorn- Hartzweizengrieß,Hinweis zur Aufbewahrung: Bitte trocken lagern.,"Verantwortliches Lebensmittelunternehmen:
Alnatura GmbH, Mahatma-Gandhi-Straße 7, 64295 Darmstadt",Zutatenverzeichnis: VOLLKORN-HARTWEIZENGRIEß* *aus biologischer Landwirtschaft . Kann Spuren von SOJA enthalten.,1508,356,"2,2","0,4",68,"3,4",12,"0,01",https://www.edeka24.de/Lebensmittel/Beilagen/Nudeln/Alnatura-Bio-Vollkorn-Mini-Penne-500G.html,https://www.edeka24.de/out/pictures/generated/product/1/540_540_90/alnatura_bio_vollkorn_mini_penne_500_g.jpg
2299,Lebensmittel,Beilagen,Nudeln,EDEKA Bio Fusilli rote Linsen 250G,"1,69 €","6,76 €/kg","inkl. MwSt., zzgl. 4.95 € Versandkosten.",lieferbar innerhalb von 2-5 Werktagen,2023-05-03 01:07:21.741682,Pasta aus 100% roten Linsen,Hinweis zur Aufbewahrung: Vor Wärme und Licht geschützt und trocken lagern.,"Verantwortliches Lebensmittelunternehmen:
EDEKA ZENTRALE Stiftung & Co. KG, D-22291 Hamburg",Zutatenverzeichnis: 100% Rote-Linsen-Mehl*. Das Produkt kann Spuren von EI und SOJA enthalten. *aus kontrolliert ökologischer Landwirtschaft,1453,343,"1,7","0,3",56,"2,2",23,"0,003",https://www.edeka24.de/Lebensmittel/Beilagen/Nudeln/EDEKA-Bio-Fusilli-rote-Linsen-250G.html,https://www.edeka24.de/out/pictures/generated/product/1/540_540_90/bio_edeka_fusilli_rote_linsen_250g.jpg
2300,Lebensmittel,Beilagen,Nudeln,Delverde Nudeln Penne Rigate 500G,"1,99 €","3,98 €/kg","inkl. MwSt., zzgl. 4.95 € Versandkosten.",lieferbar innerhalb von 2-5 Werktagen,2023-05-03 01:07:24.822321,Teigwaren aus Hartweizengrieß,Hinweis zur Aufbewahrung: Kühl und trocken lagern.,"Verantwortliches Lebensmittelunternehmen:
Newlat S.p.A., Via J.F.Kennedy, 16 - 42124 Reggio Emilia - Italy",Zutatenverzeichnis: HARTWEIZENGRIEß. Kann Spuren SOJA enthalten.,356,1510,"1,9","0,8","71,8","3,5","11,5","0,008",https://www.edeka24.de/Lebensmittel/Beilagen/Nudeln/Delverde-Nudeln-Penne-Rigate-500G.html,https://www.edeka24.de/out/pictures/generated/product/1/540_540_90/buitoni_nudeln_penne_rigate_500_g.jpg
2301,Lebensmittel,Beilagen,Nudeln,Delverde Nudeln Maccheroni 75 500G,"1,99 €","3,98 €/kg","inkl. MwSt., zzgl. 4.95 € Versandkosten.",lieferbar innerhalb von 2-5 Werktagen,2023-05-03 01:07:28.076955,Teigwaren aus Hartweizengrieß,Hinweis zur Aufbewahrung: Kühl und trocken lagern,"Verantwortliches Lebensmittelunternehmen:
Newlat S.p.A., Via J.F. Kennedy, 16- 42124 Reggio Emilia-Italy",Zutatenverzeichnis: HARTWEIZENGRIEß. Kann Spuren SOJA enthalten.,356,1510,"1,9","0,8","71,8","3,5","11,5","0,008",https://www.edeka24.de/Lebensmittel/Beilagen/Nudeln/Delverde-Nudeln-Maccheroni-75-500G.html,https://www.edeka24.de/out/pictures/generated/product/1/540_540_90/buitoni_nudeln_maccheroni_75_500_g.jpg
2302,Lebensmittel,Beilagen,Nudeln,EDEKA Italia Tortellini Tricolore 250G,"1,39 €","5,56 €/kg","inkl. MwSt., zzgl. 4.95 € Versandkosten.",lieferbar innerhalb von 2-5 Werktagen,2023-05-03 01:07:31.396623,"Tortellini Eierteigware in drei Varianten mit 30% schweinefleischhaltiger Füllung, mit 20% Vollei¹ in der Teigware, mit 15% Rohschinken² in der schweinefleischhaltigen Füllung ¹entspricht 13% Vollei, bezogen auf das Gesamtprodukt ²entspricht 4,5% Rohschin",Hinweis zur Aufbewahrung: kühl und trocken lagern,"Verantwortliches Lebensmittelunternehmen:
EDEKA ZENTRALE Stiftung & Co. KG, D-22291 Hamburg","Zutatenverzeichnis: EIERTEIGWARE (HARTWEIZENGRIEß, VOLLEI, Tomatenpulver, Spinatpulver), schweinefleischhaltige Füllung (Paniermehl [WEIZENMEHL, Speisesalz], Schweinefleischzubereitung [Schweinefleisch, Speisesalz, natürliches Aroma], Rohschinken [Schweinefleisch, Speisesalz], Pflanzenmargarine [Kokosöl, Sonnenblumenöl, Wasser], Speisesalz, KÄSE, Zwiebelpulver, Kräuter). Das Produkt kann Spuren von SOJA enthalten.",392,1651,10,"5,5","59,7","1,5","14,6","2,2",https://www.edeka24.de/Lebensmittel/Beilagen/Nudeln/EDEKA-Italia-Tortellini-Tricolore-250G.html,https://www.edeka24.de/out/pictures/generated/product/1/540_540_90/edeka_italia_tortellini_tricolore_250g.jpg
2303,Lebensmittel,Beilagen,Nudeln,3 Glocken Genuss Pur Spiralen 500G,"1,99 €","3,98 €/kg","inkl. MwSt., zzgl. 4.95 € Versandkosten.",lieferbar innerhalb von 2-5 Werktagen,2023-05-03 01:07:34.124747,Hartweizennudeln,Hinweis zur Aufbewahrung: Trocken lagern.,"Verantwortliches Lebensmittelunternehmen:
Newlat GmbH, 68070 Mannheim","Zutatenverzeichnis: HARTWEIZENGRIEß, Quellwasser",352,1491,"1,5","0,4",71,3,12,"0,005",https://www.edeka24.de/Lebensmittel/Beilagen/Nudeln/3-Glocken-Genuss-Pur-Spiralen-500G.html,https://www.edeka24.de/out/pictures/generated/product/1/540_540_90/3_glocken_genuss_pur_nudeln_spiralen.jpg
2304,Lebensmittel,Beilagen,Nudeln,Alnatura Bio Dinkel Spirelli 500G,"2,29 €","4,58 €/kg","inkl. MwSt., zzgl. 4.95 € Versandkosten.",lieferbar innerhalb von 2-5 Werktagen,2023-05-03 01:07:36.550872,Bio Teigwaren aus Dinkelmehl,Hinweis zur Aufbewahrung: Bitte trocken lagern und vor Wärme schützen.,"Verantwortliches Lebensmittelunternehmen:
Alnatura GmbH, Mahatma-Gandhi-Straße 7, 64295 Darmstadt",Zutatenverzeichnis: DINKELMEHL* Type 812 * aus biologischer Landwirtschaft . Kann Spuren von EI und LUPINEN enthalten,1513,357,"1,7","0,4",72,"2,7",12,"0,01",https://www.edeka24.de/Lebensmittel/Beilagen/Nudeln/Alnatura-Bio-Dinkel-Spirelli-500G.html,https://www.edeka24.de/out/pictures/generated/product/1/540_540_90/alnatura_bio_dinkel_spirelli_500g.jpg
2305,Lebensmittel,Beilagen,Nudeln,Barilla Nudeln Spaghetti No.5 500G,"2,49 €","4,98 €/kg","inkl. MwSt., zzgl. 4.95 € Versandkosten.",lieferbar innerhalb von 2-5 Werktagen,2023-05-03 01:07:39.567202,TEIGWAREN AUS HARTWEIZENGRIESS,"Hinweis zur Aufbewahrung: Trocken, vor Licht und Wärme geschützt lagern","Verantwortliches Lebensmittelunternehmen:
Barilla G. e R. Fratelli - Società per Azioni, Via Mantova 166, Parma - Italy","Zutatenverzeichnis: HARTWEIZENGRIESS, Wasser. KANN SPUREN VON SOJABOHNEN ENTHALTEN. KANN SPUREN VON EIERN ENTHALTEN, WENN DAS PRODUKT IN DEM MIT DEM BUCHSTABEN (A) GEKENNZEICHNETEN WERK HERGESTELLT WURDE.",1521,359,2,"0,5","70,9","3,5","12,8","0,013",https://www.edeka24.de/Lebensmittel/Beilagen/Nudeln/Barilla-Nudeln-Spaghetti-No-5-500G.html,https://www.edeka24.de/out/pictures/generated/product/1/540_540_90/barilla_nudeln_spaghetti_no5_500g.jpg
2306,Lebensmittel,Beilagen,Nudeln,Alnatura Bio Dinkel Locken 500G,"2,49 €","4,98 €/kg","inkl. MwSt., zzgl. 4.95 € Versandkosten.",lieferbar innerhalb von 2-5 Werktagen,2023-05-03 01:07:46.212149,Bio Teigwaren aus Dinkelmehl,Hinweis zur Aufbewahrung: Bitte trocken lagern und vor Wärme schützen.,"Verantwortliches Lebensmittelunternehmen:
Alnatura Produktions- und Handels GmbH, Mahatma-Gandhi-Str. 7, 64295 Darmstadt",Zutatenverzeichnis: DINKELMEHL* Type 812 * aus biologischer Landwirtschaft . Kann Spuren von EI und LUPINE enthalten.,1513,357,"1,7","0,4",72,"2,7",12,"0,01",https://www.edeka24.de/Lebensmittel/Beilagen/Nudeln/Alnatura-Bio-Dinkel-Locken-500G.html,https://www.edeka24.de/out/pictures/generated/product/1/540_540_90/alnatura_bio_dinkellocken_500_g.jpg
2307,Lebensmittel,Beilagen,Nudeln,EDEKA Italia Tortellini Cinque Formaggi 250G,"1,39 €","5,56 €/kg","inkl. MwSt., zzgl. 4.95 € Versandkosten.",lieferbar innerhalb von 2-5 Werktagen,2023-05-03 01:07:49.202651,"Eierteigware mit 30% käsehaltiger Füllung, mit 20% Vollei¹ in der Teigware ¹entspricht 13,5% Vollei, bezogen auf das Gesamtprodukt",Hinweis zur Aufbewahrung: kühl und trocken lagern,"Verantwortliches Lebensmittelunternehmen:
EDEKA ZENTRALE Stiftung & Co. KG, D-22291 Hamburg","Zutatenverzeichnis: EIERTEIGWARE (HARTWEIZENGRIEß, VOLLEI), KÄSEHALTIGE FÜLLUNG, (Paniermehl [WEIZENMEHL, Speisesalz], Pflanzenmargarine [Kokosöl, Sonnenblumenöl, Wasser], 5,7% MOLKENEIWEIßKÄSE² [Süßmolke, Speisesalz, Säuerungsmittel: Citronensäure], 5,0% GORGONZOLA³, 4,6% PECORINO ROMANO4 [SCHAFSMILCH, Speisesalz, Lab], Speisesalz, 3,3% MOZZARELLA5, 0,6% PARMIGIANO REGGIANO6). Das Produkt kann Spuren von SOJA enthalten. 2 Ricotta; entspricht 1,7% Molkeneiweißkäse, bezogen auf das Gesamtprodukt 3 entsprcht 1,5% Gorgonzola, bezogen auf das Gesamtprodukt 4 entspricht 1,4% Pecorino Romano, bezogen auf das Gesamtprodukt 5 entspricht 1,0% Mozzarella, bezogen auf das Gesamtprodukt 6 entspricht 0,2% Parmigiano Reggiano, bezogen auf das Gesamtprodukt. Kann Spuren von SOJA enthalten.",1650,391,"9,2",6,"62,4","1,8","13,5","2,1",https://www.edeka24.de/Lebensmittel/Beilagen/Nudeln/EDEKA-Italia-Tortellini-Cinque-Formaggi-250G.html,https://www.edeka24.de/out/pictures/generated/product/1/540_540_90/edeka_italia_tortellini_formaggi_250g.jpg
2308,Lebensmittel,Beilagen,Nudeln,Birkel Breite Bandnudeln 500G,"2,29 €","4,58 €/kg","inkl. MwSt., zzgl. 4.95 € Versandkosten.",lieferbar innerhalb von 2-5 Werktagen,2023-05-03 01:07:52.230014,Frischeinudeln,Hinweis zur Aufbewahrung: Trocken lagern.,"Verantwortliches Lebensmittelunternehmen:
Newlat GmbH, Franzosenstraße 9, 68169 Mannheim","Zutatenverzeichnis: HARTWEIZENGRIEß, FRISCHEI (10%). Kann Spuren von SOJA enthalten.",1528,361,"2,5","0,5",70,3,13,"0,05",https://www.edeka24.de/Lebensmittel/Beilagen/Nudeln/Birkel-Breite-Bandnudeln-500G.html,https://www.edeka24.de/out/pictures/generated/product/1/540_540_90/birkel_breite_bandnudeln_500g.jpg
2309,Lebensmittel,Beilagen,Nudeln,Barilla Nudeln Maccheroni No.44 500G,"2,49 €","4,98 €/kg","inkl. MwSt., zzgl. 4.95 € Versandkosten.",lieferbar innerhalb von 2-5 Werktagen,2023-05-03 01:07:55.415815,TEIGWAREN AUS HARTWEIZENGRIESS,Hinweis zur Aufbewahrung: Kühl und trocken lagern,"Verantwortliches Lebensmittelunternehmen:
Barilla G. e R. Fratelli - Società per Azioni, Barilla G. e R. Fratelli - Società per Azioni - Via Mantova 166, Parma - Italy.","Zutatenverzeichnis: HARTWEIZENGRIESS, Wasser. KANN SPUREN VON SOJABOHNEN ENTHALTEN. KANN SPUREN VON EIERN ENTHALTEN, WENN DAS PRODUKT IN DEM MIT DEM BUCHSTABEN (A) GEKENNZEICHNETEN WERK HERGESTELLT WURDE",1521,359,2,"0,5","71,2","3,5","12,5","0,013",https://www.edeka24.de/Lebensmittel/Beilagen/Nudeln/Barilla-Nudeln-Maccheroni-No-44-500G.html,https://www.edeka24.de/out/pictures/generated/product/1/540_540_90/barilla_nudeln_maccheroni_no_44.jpg
2310,Lebensmittel,Beilagen,Nudeln,Alnatura Bio Dinkel Tortelloni Ricotta Spinat 250G,"3,19 €","12,76 €/kg","inkl. MwSt., zzgl. 4.95 € Versandkosten.",lieferbar innerhalb von 2-5 Werktagen,2023-05-03 01:07:58.512935,"Bio Teigwaren aus Dinkelgrieß mit Käse- Spinat-Füllung, semifrisch",Hinweis zur Aufbewahrung: Bitte trocken lagern und vor Wärme schützen.,"Verantwortliches Lebensmittelunternehmen:
Alnatura GmbH, Mahatma-Gandhi-Straße 7, 64295 Darmstadt","Zutatenverzeichnis: Teig 74 %: DINKELGRIEß*¹, Wasser, Füllung 26 %: KÄSE* 50 % (RICOTTA* 50 %, BERGKÄSE*, SCHAFSKÄSE*), Paniermehl* (DINKELMEHL*¹, Hefe), MILCHPULVER*, Kartoffelflocken*, Spinat* getrocknet 6 %, Sonnenblumenöl*, Wasser, Meersalz, Gewürze* (in veränderlichen Gewichtsanteilen: Knoblauch*, Basilikum*, Pfeffer*), Emulgator: SOJALECITHIN *aus biologischer Landwirtschaft ¹Dinkel ist eine Urweizenart. Kann Spuren von SELLERIE enthalten.",1301,308,6,"2,8",49,"1,9",13,"0,86",https://www.edeka24.de/Lebensmittel/Beilagen/Nudeln/Alnatura-Bio-Dinkel-Tortelloni-Ricotta-Spinat-250G.html,https://www.edeka24.de/out/pictures/generated/product/1/540_540_90/4104420135864-alnatura-biotortelloni-ricotta-spinat.jpg
2311,Lebensmittel,Beilagen,Nudeln,Birkel Hörnchen 500G,"2,29 €","4,58 €/kg","inkl. MwSt., zzgl. 4.95 € Versandkosten.",lieferbar innerhalb von 2-5 Werktagen,2023-05-03 01:08:01.617038,Frischeinudeln,Hinweis zur Aufbewahrung: Trocken lagern.,"Verantwortliches Lebensmittelunternehmen:
Newlat GmbH, Franzosenstraße 9, 68169 Mannheim","Zutatenverzeichnis: HARTWEIZENGRIEß, FRISCHEI (10%). Kann Spuren von SOJA enthalten.",1528,361,"2,5","0,5",70,3,13,"0,05",https://www.edeka24.de/Lebensmittel/Beilagen/Nudeln/Birkel-Hoernchen-500G.html,https://www.edeka24.de/out/pictures/generated/product/1/540_540_90/birkel_hrnchen_500g.jpg
2312,Lebensmittel,Beilagen,Nudeln,Tress Original Hausmacher Feine Suppennudeln 500 g,"3,29 €","6,58 €/kg","inkl. MwSt., zzgl. 4.95 € Versandkosten.",lieferbar innerhalb von 2-5 Werktagen,2023-05-03 01:08:04.693531,Frischei-Teigwaren,Hinweis zur Aufbewahrung: Bitte trocken und lichtgeschützt lagern.,"Verantwortliches Lebensmittelunternehmen:
Franz Tress GmbH & Co. KG, Dottinger Str. 69, D-72525 Münsingen","Zutatenverzeichnis: HARTWEIZENGRIEß, frische EIER (20 %)",1579,373,"3,3","0,8","68,6","0,9","15,3","0,1",https://www.edeka24.de/Lebensmittel/Beilagen/Nudeln/Tress-Original-Hausmacher-Feine-Suppennudeln-500-g.html,https://www.edeka24.de/out/pictures/generated/product/1/540_540_90/tress-original-hausmacher-feine-suppenudeln.jpg
2313,Lebensmittel,Beilagen,Nudeln,Barilla Nudeln Gobbetti 500G,"2,49 €","4,98 €/kg","inkl. MwSt., zzgl. 4.95 € Versandkosten.",lieferbar innerhalb von 2-5 Werktagen,2023-05-03 01:08:07.421262,TEIGWAREN AUS HARTWEIZENGRIESS,Hinweis zur Aufbewahrung: Kühl und trocken lagern,"Verantwortliches Lebensmittelunternehmen:
Barilla G. e R. Fratelli - Società per Azioni, Via Mantova 166, Parma - Italy.","Zutatenverzeichnis: HARTWEIZENGRIESS, Wasser. KANN SPUREN VON EI ENTHALTEN, WENN DAS PRODUKT IN DEM MIT DEM BUCHSTABEN (A) GEKENNZEICHNETEN WERK HERGESTELLT WURDE.",1521,359,2,"0,5","71,7","3,5",12,"0,013",https://www.edeka24.de/Lebensmittel/Beilagen/Nudeln/Barilla-Nudeln-Gobbetti-500G.html,https://www.edeka24.de/out/pictures/generated/product/1/540_540_90/barilla_nudeln_gobbetti.jpg
2314,Lebensmittel,Beilagen,Nudeln,Alnatura Bio Tortellini Käse 250G,"2,39 €","9,56 €/kg","inkl. MwSt., zzgl. 4.95 € Versandkosten.",lieferbar innerhalb von 2-5 Werktagen,2023-05-03 01:08:09.971040,Bio Teigwaren mit Käsefüllung,Hinweis zur Aufbewahrung: Bitte trocken lagern und vor Wärme schützen.,"Verantwortliches Lebensmittelunternehmen:
Alnatura GmbH, Mahatma-Gandhi-Straße 7, 64295 Darmstadt","Zutatenverzeichnis: Teig 74%: HARTWEIZENGRIEß*, Wasser; Füllung 26%: KÄSE* 40% (SCHAFSKÄSE* 75%, RICOTTA* 25%), Paniermehl* (WEIZENMEHL*, Hefe*), Wasser, MILCHPULVER*, Sonnenblumenöl*, Meersalz, Emulgator: SOJALECITHIN*, Pfeffer* *aus biologischer Landwirtschaft . Kann Spuren von SELLERIE enthalten.",1273,302,"5,1","2,8",51,"2,5",11,"1,1",https://www.edeka24.de/Lebensmittel/Beilagen/Nudeln/Alnatura-Bio-Tortellini-Kaese-250G.html,https://www.edeka24.de/out/pictures/generated/product/1/540_540_90/alnatura_bio_tortellini_kse_250_g.jpg
2315,Lebensmittel,Beilagen,Nudeln,Birkel Schwäbische Spätzle 500G,"2,29 €","4,58 €/kg","inkl. MwSt., zzgl. 4.95 € Versandkosten.",lieferbar innerhalb von 2-5 Werktagen,2023-05-03 01:08:12.917767,Frischeinudeln,Hinweis zur Aufbewahrung: Trocken lagern.,"Verantwortliches Lebensmittelunternehmen:
Newlat GmbH, 68070 Mannheim","Zutatenverzeichnis: HARTWEIZENGRIEß, FRISCHEI (10%). Kann Spuren von SOJA enthalten.",1528,361,"2,5","0,5",70,3,13,"0,05",https://www.edeka24.de/Lebensmittel/Beilagen/Nudeln/Birkel-Schwaebische-Spaetzle-500G.html,https://www.edeka24.de/out/pictures/generated/product/1/540_540_90/birkel_schwbische_sptzle_500g.jpg
2316,Lebensmittel,Beilagen,Nudeln,EDEKA Italia Nudeln Tagliatelle gelb 500G,"1,99 €","3,98 €/kg","inkl. MwSt., zzgl. 4.95 € Versandkosten.",lieferbar innerhalb von 2-5 Werktagen,2023-05-03 01:08:16.155643,Teigware aus Hartweizengrieß,,"Verantwortliches Lebensmittelunternehmen:
EDEKA ZENTRALE Stiftung & Co. KG, D-22291 Hamburg",Zutatenverzeichnis: HARTWEIZENGRIEß.,374,1584,"1,5","0,3",75,3,"13,5","0,01",https://www.edeka24.de/Lebensmittel/Beilagen/Nudeln/EDEKA-Italia-Nudeln-Tagliatelle-gelb-500G.html,https://www.edeka24.de/out/pictures/generated/product/1/540_540_90/edeka_italia_nudeln_tagliatelle_gelb.jpg
2317,Lebensmittel,Beilagen,Nudeln,Barilla Nudeln Gemelli 500G,"2,49 €","4,98 €/kg","inkl. MwSt., zzgl. 4.95 € Versandkosten.",lieferbar innerhalb von 2-5 Werktagen,2023-05-03 01:08:19.214172,Teigwaren aus Hartweizengrieß,Hinweis zur Aufbewahrung: Kühl und trocken lagern,"Verantwortliches Lebensmittelunternehmen:
Barilla G. e R. Fratelli - Società per Azioni, Via Mantova 166, I-43122 Parma","Zutatenverzeichnis: HARTWEIZENGRIESS, Wasser. Kann Spuren von EI enthalten, wenn das Produkt in dem mit dem Buchstaben (A) gekennzeichneten Werk hergestellt wurde.",359,1521,2,"0,5","71,7","3,5",12,"0,013",https://www.edeka24.de/Lebensmittel/Beilagen/Nudeln/Barilla-Nudeln-Gemelli-500G.html,https://www.edeka24.de/out/pictures/generated/product/1/540_540_90/barilla_nudeln_gemelli.jpg
2318,Lebensmittel,Beilagen,Nudeln,Barilla Nudeln Spaghettini No.3 500G,"2,49 €","4,98 €/kg","inkl. MwSt., zzgl. 4.95 € Versandkosten.",lieferbar innerhalb von 2-5 Werktagen,2023-05-03 01:08:22.080854,TEIGWAREN AUS HARTWEIZENGRIESS,"Hinweis zur Aufbewahrung: Trocken, vor Licht und Wärme geschützt lagern.","Verantwortliches Lebensmittelunternehmen:
Barilla G. e R. Fratelli S.p.A., Via Mantova 166, Parma - Italy.","Zutatenverzeichnis: HARTWEIZENGRIESS, Wasser. KANN SPUREN VON SOJABOHNEN ENTHALTEN. KANN SPUREN VON EIERN ENTHALTEN, WENN DAS PRODUKT IN DEM MIT DEM BUCHSTABEN (A) GEKENNZEICHNETEN WERK HERGESTELLT WURDE.",1521,359,2,"0,5","70,9","3,5","12,8","0,013",https://www.edeka24.de/Lebensmittel/Beilagen/Nudeln/Barilla-Nudeln-Spaghettini-No-3-500G.html,https://www.edeka24.de/out/pictures/generated/product/1/540_540_90/barilla_nudeln_spaghettini_no3.jpg
2319,Lebensmittel,Beilagen,Nudeln,Tress Original Hausmacher Wellenspätzle 500 g,"3,29 €","6,58 €/kg","inkl. MwSt., zzgl. 4.95 € Versandkosten.",lieferbar innerhalb von 2-5 Werktagen,2023-05-03 01:08:24.609535,Frischei-Teigwaren,Hinweis zur Aufbewahrung: Bitte trocken und lichtgeschützt lagern.,"Verantwortliches Lebensmittelunternehmen:
Franz Tress GmbH & Co. KG, Dottinger Str. 69, D-72525 Münsingen","Zutatenverzeichnis: HARTWEIZENGRIEß, frische EIER (20 %)",1579,373,"3,3","0,8","68,6","0,9","15,3","0,1",https://www.edeka24.de/Lebensmittel/Beilagen/Nudeln/Tress-Original-Hausmacher-Wellenspaetzle-500-g.html,https://www.edeka24.de/out/pictures/generated/product/1/540_540_90/tress-original-hausmacher-wellensptzle.jpg
2320,Lebensmittel,Beilagen,Nudeln,Barilla Nudeln La Collezione Tagliatelle con Spinaci 500G,"2,89 €","5,78 €/kg","inkl. MwSt., zzgl. 4.95 € Versandkosten.",lieferbar innerhalb von 2-5 Werktagen,2023-05-03 01:08:27.072229,Teigwaren aus Hartweizengriess mit Spinat,Hinweis zur Aufbewahrung: Kühl und trocken lagern,"Verantwortliches Lebensmittelunternehmen:
Barilla G. e R. Fratelli - Società per Azioni, Via Mantova 166, I-43122 Parma","Zutatenverzeichnis: HARTWEIZENGRIESS, Wasser, Spinat 1,8%. Kann Spuren von SOJABOHNEN enthalten.",359,1521,2,"0,5","71,7","3,5",12,"0,05",https://www.edeka24.de/Lebensmittel/Beilagen/Nudeln/Barilla-Nudeln-La-Collezione-Tagliatelle-con-Spinaci-500G.html,https://www.edeka24.de/out/pictures/generated/product/1/540_540_90/barilla_nudeln_la_collezione_tagliatelle_con_spinaci(1).jpg
2321,Lebensmittel,Beilagen,Nudeln,Alnatura Bio Dinkel Spaghettini 500G,"2,49 €","4,98 €/kg","inkl. MwSt., zzgl. 4.95 € Versandkosten.",lieferbar innerhalb von 2-5 Werktagen,2023-05-03 01:08:30.348243,Bio Teigwaren aus Dinkelmehl,Hinweis zur Aufbewahrung: Bitte trocken lagern und vor Wärme schützen.,"Verantwortliches Lebensmittelunternehmen:
Alnatura GmbH, Mahatma-Gandhi-Straße 7, 64295 Darmstadt",Zutatenverzeichnis: DINKELMEHL*¹ Type 630 *aus biologischer Landwirtschaft ¹Dinkel ist eine Urweizenart . Kann Spuren von EI enthalten.,1527,360,"1,5","0,3",74,"3,1",11,"0,01",https://www.edeka24.de/Lebensmittel/Beilagen/Nudeln/Alnatura-Bio-Dinkel-Spaghettini-500G.html,https://www.edeka24.de/out/pictures/generated/product/1/540_540_90/alnatura_bio_dinkel_spaghettini.jpg
2322,Lebensmittel,Beilagen,Nudeln,Alnatura Bio Tortellini Gemüse 250G,"2,29 €","9,16 €/kg","inkl. MwSt., zzgl. 4.95 € Versandkosten.",lieferbar innerhalb von 2-5 Werktagen,2023-05-03 01:08:33.502023,"Bio Teigwaren mit Gemüsefüllung, semifrisch",Hinweis zur Aufbewahrung: Bitte trocken lagern und vor Wärme schützen.,"Verantwortliches Lebensmittelunternehmen:
Alnatura GmbH, Mahatma-Gandhi-Straße 7, 64295 Darmstadt","Zutatenverzeichnis: Teig 74 %: HARTWEIZENGRIEß*, Wasser; Füllung 26 %: Gemüse* 65 % (in veränderlichen Gewichtsanteilen: Zwiebeln*, Karotten*, Lauch*, SELLERIE*, Spinat*), Paniermehl* (WEIZENMEHL*, Hefe*), Kartoffelflocken*, Sonnenblumenöl*, Meersalz, Gewürze* (in veränderlichen Gewichtsanteilen: Knoblauch*, Pfeffer*, Bohnenkraut*), Emulgator: SOJALECITHIN* *aus kontrolliert biologischem Anbau. Kann Spuren von MILCH enthalten.",1270,301,"4,3","0,5",55,"2,3","9,1","0,99",https://www.edeka24.de/Lebensmittel/Beilagen/Nudeln/Alnatura-Bio-Tortellini-Gemuese-250G.html,https://www.edeka24.de/out/pictures/generated/product/1/540_540_90/alnatura_bio_tortellini_gemse_250_g.jpg
2323,Lebensmittel,Beilagen,Nudeln,Birkel Spaghetti 500G,"2,29 €","4,58 €/kg","inkl. MwSt., zzgl. 4.95 € Versandkosten.",lieferbar innerhalb von 2-5 Werktagen,2023-05-03 01:08:40.942577,Frischeinudeln,Hinweis zur Aufbewahrung: Trocken lagern.,"Verantwortliches Lebensmittelunternehmen:
Newlat GmbH, Franzosenstraße 9, 68169 Mannheim","Zutatenverzeichnis: HARTWEIZENGRIEß, FRISCHEI (10%). Kann Spuren von SOJA enthalten.",361,1528,"2,5","0,5",70,3,13,"0,05",https://www.edeka24.de/Lebensmittel/Beilagen/Nudeln/Birkel-Spaghetti-500G.html,https://www.edeka24.de/out/pictures/generated/product/1/540_540_90/birkel_spaghetti_500g.jpg
2324,Lebensmittel,Beilagen,Nudeln,3 Glocken Genuss Pur Nudeln Korkzieher 500G,"1,99 €","3,98 €/kg","inkl. MwSt., zzgl. 4.95 € Versandkosten.",lieferbar innerhalb von 2-5 Werktagen,2023-05-03 01:08:43.886182,Hartweizennudeln,Hinweis zur Aufbewahrung: Trocken lagern.,"Verantwortliches Lebensmittelunternehmen:
Newlat GmbH, 68070 Mannheim",Zutatenverzeichnis: HARTWEIZENGRIEß,352,1491,"1,5","0,4",71,3,12,"0,005",https://www.edeka24.de/Lebensmittel/Beilagen/Nudeln/3-Glocken-Genuss-Pur-Nudeln-Korkzieher-500G.html,https://www.edeka24.de/out/pictures/generated/product/1/540_540_90/3_glocken_genuss_pur_nudeln_korkzieher.jpg
2325,Lebensmittel,Beilagen,Nudeln,EDEKA Italia Mezzi Rigatoni 500G,"1,49 €","2,98 €/kg","inkl. MwSt., zzgl. 4.95 € Versandkosten.",lieferbar innerhalb von 2-5 Werktagen,2023-05-03 01:08:47.180663,Teigware aus Hartweizengrieß,Hinweis zur Aufbewahrung: kühl und trocken lagern,"Verantwortliches Lebensmittelunternehmen:
EDEKA ZENTRALE Stiftung & Co. KG, D-22291 Hamburg",Zutatenverzeichnis: HARTWEIZENGRIEß.,1584,374,"1,5","0,3",75,3,"13,5","0,01",https://www.edeka24.de/Lebensmittel/Beilagen/Nudeln/EDEKA-Italia-Mezzi-Rigatoni-500G.html,https://www.edeka24.de/out/pictures/generated/product/1/540_540_90/edeka_italia_rigatoni_n26.jpg
2326,Lebensmittel,Beilagen,Nudeln,Barilla Nudeln Penne Rigate glutenfrei 400G,"3,49 €","8,73 €/kg","inkl. MwSt., zzgl. 4.95 € Versandkosten.",lieferbar innerhalb von 2-5 Werktagen,2023-05-03 01:08:50.403712,Glutenfreie Teigwaren aus Mais- und Reismehl.,Hinweis zur Aufbewahrung: Kühl und trocken lagern,"Verantwortliches Lebensmittelunternehmen:
Barilla G. e R. Fratelli - Società per Azioni, Via Mantova 166, I-43122 Parma","Zutatenverzeichnis: Weißes Maismehl (65%), gelbes Maismehl (29,5%), Reismehl (5%), Wasser, Emulgator: Mono-und Diglyceride von Speisefettsäuren pflanzlichen Ursprungs.",1502,359,"1,8","0,3","78,7","1,2","6,5","0,003",https://www.edeka24.de/Lebensmittel/Beilagen/Nudeln/Barilla-Nudeln-Penne-Rigate-glutenfrei-400G.html,https://www.edeka24.de/out/pictures/generated/product/1/540_540_90/barilla_nudeln_penne_rigate_glutenfrei(1).jpg
2327,Lebensmittel,Beilagen,Nudeln,Tress Original Hausmacher Feine Spätzle 500G,"3,29 €","6,58 €/kg","inkl. MwSt., zzgl. 4.95 € Versandkosten.",lieferbar innerhalb von 2-5 Werktagen,2023-05-03 01:08:53.207000,Frischei-Teigwaren,Hinweis zur Aufbewahrung: Bitte trocken und lichtgeschützt lagern.,"Verantwortliches Lebensmittelunternehmen:
Franz Tress GmbH & Co. KG, Dottinger Str. 69; D-72525 Münsingen","Zutatenverzeichnis: HARTWEIZENGRIESS, frische EIER (20 %)",1579,373,"3,3","0,8","68,6","0,9","15,3","0,1",https://www.edeka24.de/Lebensmittel/Beilagen/Nudeln/Tress-Original-Hausmacher-Feine-Spaetzle-500G.html,https://www.edeka24.de/out/pictures/generated/product/1/540_540_90/tressfeisp.jpg
2328,Lebensmittel,Beilagen,Nudeln,Alnatura Origin Bio Volanti No. 53 500G,"1,89 €","3,78 €/kg","inkl. MwSt., zzgl. 4.95 € Versandkosten.",lieferbar innerhalb von 2-5 Werktagen,2023-05-03 01:08:55.861683,Bio Teigwaren aus Hartweizengrieß,Hinweis zur Aufbewahrung: Bitte trocken lagern.,"Verantwortliches Lebensmittelunternehmen:
Alnatura GmbH, Mahatma-Gandhi-Str. 7, 64295 Darmstadt",Zutatenverzeichnis: HARTWEIZENGRIEß*. Kann Spuren von Soja und Senf enthalten. *aus biologischer Landwirtschaft,1487,351,"1,5","0,4",72,"4,3",11,"0,01",https://www.edeka24.de/Lebensmittel/Beilagen/Nudeln/Alnatura-Origin-Bio-Volanti-No-53-500G-oxid.html,https://www.edeka24.de/out/pictures/generated/product/1/540_540_90/bio_alnatura_origin_volanti_500g(1).jpg
2329,Lebensmittel,Beilagen,Nudeln,Tress Original Hausmacher Schwäbische Spätzle 500 g,"3,29 €","6,58 €/kg","inkl. MwSt., zzgl. 4.95 € Versandkosten.",lieferbar innerhalb von 2-5 Werktagen,2023-05-03 01:08:59.127779,Frischei-Teigwaren,Hinweis zur Aufbewahrung: Bitte trocken und lichtgeschützt lagern.,"Verantwortliches Lebensmittelunternehmen:
Franz Tress GmbH & Co. KG, Dottinger Str. 69, D-72525 Münsingen","Zutatenverzeichnis: HARTWEIZENGRIEß, frische EIER (20 %)",1579,373,"3,3","0,8","68,6","0,9","15,3","0,1",https://www.edeka24.de/Lebensmittel/Beilagen/Nudeln/Tress-Original-Hausmacher-Schwaebische-Spaetzle-500-g.html,https://www.edeka24.de/out/pictures/generated/product/1/540_540_90/tress-original-hausmacher-schwbische-sptzle.jpg
2330,Lebensmittel,Beilagen,Nudeln,EDEKA Bio Fusilli Kichererbsen 250G,"1,69 €","6,76 €/kg","inkl. MwSt., zzgl. 4.95 € Versandkosten.",lieferbar innerhalb von 2-5 Werktagen,2023-05-03 01:09:02.389893,Pasta aus 100% Kichererbsen,Hinweis zur Aufbewahrung: Vor Wärme und Licht geschützt und trocken lagern.,"Verantwortliches Lebensmittelunternehmen:
EDEKA ZENTRALE Stiftung & Co. KG, D-22291 Hamburg",Zutatenverzeichnis: 100% Kichererbsenmehl*. Das Produkt kann Spuren von EI und SOJA enthalten. *aus kontrolliert ökologischer Landwirtschaft,1536,364,"6,1","1,6",51,"2,3",22,"0,01",https://www.edeka24.de/Lebensmittel/Beilagen/Nudeln/EDEKA-Bio-Fusilli-Kichererbsen-250G.html,https://www.edeka24.de/out/pictures/generated/product/1/540_540_90/bio_edeka_fusilli_kichererbsen_250g.jpg
2331,Lebensmittel,Beilagen,Nudeln,Delverde Nudeln Linguine 83 500G,"1,99 €","3,98 €/kg","inkl. MwSt., zzgl. 4.95 € Versandkosten.",lieferbar innerhalb von 2-5 Werktagen,2023-05-03 01:09:05.650200,Teigwaren aus Hartweizengrieß.,Hinweis zur Aufbewahrung: Kühl und trocken lagern.,"Verantwortliches Lebensmittelunternehmen:
Newlat S.p.A., Via J.F.Kennedy, 16 - 42124 Reggio Emilia - Italy",Zutatenverzeichnis: HARTWEIZENGRIEß. Kann Spuren SOJA enthalten.,1510,356,"1,9","0,8","71,8","3,5","11,5","0,008",https://www.edeka24.de/Lebensmittel/Beilagen/Nudeln/Delverde-Nudeln-Linguine-83-500G.html,https://www.edeka24.de/out/pictures/generated/product/1/540_540_90/buitoni_nudeln_linguine_83_500_g.jpg
2332,Lebensmittel,Beilagen,Nudeln,De Cecco Spaghetti No 12 500G,"2,79 €","5,58 €/kg","inkl. MwSt., zzgl. 4.95 € Versandkosten.",lieferbar innerhalb von 2-5 Werktagen,2023-05-03 01:09:08.681926,Teigwaren aus Hartweizengrieß,Hinweis zur Aufbewahrung: Kühl und trocken lagern,"Verantwortliches Lebensmittelunternehmen:
F.lli de Cecco di Filippo Fara S. Martino S.p.A., Via F. De Cecco - 66015 Fara S. Martino (CH) Italy",Zutatenverzeichnis: HARTWEIZENGRIEß,352,1493,"1,5","0,3","69,2","3,4",14,"0,01",https://www.edeka24.de/Lebensmittel/Beilagen/Nudeln/De-Cecco-Spaghetti-No-12-500G.html,https://www.edeka24.de/out/pictures/generated/product/1/540_540_90/dececcospagh12.gif
2333,Lebensmittel,Beilagen,Nudeln,Barilla Nudeln La Collezione Tagliatelle 500 g,"2,89 €","5,78 €/kg","inkl. MwSt., zzgl. 4.95 € Versandkosten.",lieferbar innerhalb von 2-5 Werktagen,2023-05-03 01:09:11.315399,Teigwaren aus Hartweizengrieß,Hinweis zur Aufbewahrung: Kühl und trocken lagern,"Verantwortliches Lebensmittelunternehmen:
Barilla G. e R. Fratelli - Società per Azioni, Via Mantova 166, I-43122 Parma","Zutatenverzeichnis: HARTWEIZENGRIESS, Wasser. Kann Spuren von EI enthalten, wenn das Produkt in dem mit dem Buchstaben (A) gekennzeichneten Werk hergestellt wurde.",359,1521,2,"0,5","71,7","3,5",12,"0,013",https://www.edeka24.de/Lebensmittel/Beilagen/Nudeln/Barilla-Nudeln-La-Collezione-Tagliatelle-500-g.html,https://www.edeka24.de/out/pictures/generated/product/1/540_540_90/barilla_nudeln_la_collezione_tagliatelle(1).jpg
2334,Lebensmittel,Beilagen,Nudeln,Tress Großmutters Küche breite Nudeln 13mm 500G,"3,79 €","7,58 €/kg","inkl. MwSt., zzgl. 4.95 € Versandkosten.",lieferbar innerhalb von 2-5 Werktagen,2023-05-03 01:09:13.957988,Frischei-Teigwaren,Hinweis zur Aufbewahrung: Bitte trocken und lichtgeschützt lagern.,"Verantwortliches Lebensmittelunternehmen:
Franz Tress GmbH & Co. KG, Dottinger Str. 69, D-72525 Münsingen","Zutatenverzeichnis: HARTWEIZENGRIEß, frische EIER (20 %)",1579,373,"3,3","0,8","68,6","0,9","15,3","0,1",https://www.edeka24.de/Lebensmittel/Beilagen/Nudeln/Tress-Grossmutters-Kueche-breite-Nudeln-13mm-500G.html,https://www.edeka24.de/out/pictures/generated/product/1/540_540_90/tress-gromutters-kche-bandnudeln-13mm.jpg
2335,Lebensmittel,Beilagen,Nudeln,De Cecco Fusilli No 34 500G,"2,79 €","5,58 €/kg","inkl. MwSt., zzgl. 4.95 € Versandkosten.",lieferbar innerhalb von 2-5 Werktagen,2023-05-03 01:09:16.885470,-,Hinweis zur Aufbewahrung: Kühl und trocken lagern,"Verantwortliches Lebensmittelunternehmen:
F.lli de Cecco di Filippo Fara S. Martino S.p.A., Via F. De Cecco - 66015 Fara S. Martino (CH) Italy",Zutatenverzeichnis: HARTWEIZENGRIEß,352,1493,"1,5","0,3","69,2","3,4",14,"0,01",https://www.edeka24.de/Lebensmittel/Beilagen/Nudeln/De-Cecco-Fusilli-No-34-500G.html,https://www.edeka24.de/out/pictures/generated/product/1/540_540_90/dececcofusselig.jpg
2336,Lebensmittel,Beilagen,Nudeln,Birkel Spiralen 500G,"2,29 €","4,58 €/kg","inkl. MwSt., zzgl. 4.95 € Versandkosten.",lieferbar innerhalb von 2-5 Werktagen,2023-05-03 01:09:20.065047,Frischeinudeln,Hinweis zur Aufbewahrung: Trocken lagern.,"Verantwortliches Lebensmittelunternehmen:
Newlat GmbH, Franzosenstraße 9, 68169 Mannheim","Zutatenverzeichnis: HARTWEIZENGRIEß, FRISCHEI (10%). Kann Spuren von SOJA enthalten.",361,1528,"2,5","0,5",70,3,13,"0,05",https://www.edeka24.de/Lebensmittel/Beilagen/Nudeln/Birkel-Spiralen-500G.html,https://www.edeka24.de/out/pictures/generated/product/1/540_540_90/birkspir.jpg
2337,Lebensmittel,Beilagen,Nudeln,Barilla Nudeln Spaghetti glutenfrei 400G,"3,49 €","8,73 €/kg","inkl. MwSt., zzgl. 4.95 € Versandkosten.",lieferbar innerhalb von 2-5 Werktagen,2023-05-03 01:09:23.108209,Glutenfreie Teigwaren aus Mais und Reismehl.,Hinweis zur Aufbewahrung: Kühl und trocken lagern,"Verantwortliches Lebensmittelunternehmen:
Barilla G. e R. Fratelli - Società per Azioni, Via Mantova 166, I-43122 Parma","Zutatenverzeichnis: Weißes Maismehl (60%), gelbes Maismehl (29,5%), braunes Vollkorn-Reismehl (10%), Wasser, Emulgator: Mono- und Diglyceride von Speisefettsäuren.",1540,363,"1,5","0,7","79,6","0,6","6,9","0,002",https://www.edeka24.de/Lebensmittel/Beilagen/Nudeln/Barilla-Nudeln-Spaghetti-glutenfrei-400G.html,https://www.edeka24.de/out/pictures/generated/product/1/540_540_90/barilla_nudeln_spaghetti_glutenfrei_400g.jpg
2338,Lebensmittel,Beilagen,Nudeln,Diamond Mie Nudeln ohne Ei 250G,"1,89 €","7,56 €/kg","inkl. MwSt., zzgl. 4.95 € Versandkosten.",lieferbar innerhalb von 2-5 Werktagen,2023-05-03 01:09:26.017225,-,,"Verantwortliches Lebensmittelunternehmen:
Kreyenhop & Kluge GmbH & Co. KG, DE-28876","Zutatenverzeichnis: WEIZENMEHL, Wasser, Salz, Stabilisator: Polyphosphate (E452); Verdickungsmittel: Xanthan (E415); Backtriebmittel: Natriumcarbonate (E500);.",1507,355,"1,2","0,3",75,"1,4",10,"1,3",https://www.edeka24.de/Lebensmittel/Beilagen/Nudeln/Diamond-Mie-Nudeln-ohne-Ei-250G.html,https://www.edeka24.de/out/pictures/generated/product/1/540_540_90/diamond-double-happiness-mienudeln-250g-6901017321048.jpg
2339,Lebensmittel,Beilagen,Nudeln,EDEKA Italia Tortellini Carne 250G,"1,39 €","5,56 €/kg","inkl. MwSt., zzgl. 4.95 € Versandkosten.",lieferbar innerhalb von 2-5 Werktagen,2023-05-03 01:09:33.507477,"Tortellini Eierteigware mit 30% schweinefleischhaltiger Füllung; 20% Vollei¹ in der Teigware, mit 15% Rohschinken² in der schweinefleischhaltigen Füllung ¹entspricht 13,5% Vollei, bezogen auf das Gesamterzeugnis ²entspricht 4,5% Rohschinken, bezogen auf d",Hinweis zur Aufbewahrung: kühl und trocken lagern,"Verantwortliches Lebensmittelunternehmen:
EDEKA ZENTRALE Stiftung & Co. KG, D-22291 Hamburg","Zutatenverzeichnis: EIERTEIGWARE (HARTWEIZENGRIEß, VOLLEI), schweinefleischhaltige Füllung (Paniermehl [WEIZENMEHL, Speisesalz], Schweinefleischzubereitung [Schweinefleisch, Speisesalz, natürliches Aroma], Rohschinken [Schweinefleisch, Speisesalz], Pflanzenmargarine [Kokosöl, Sonnenblumenöl, Wasser], Speisesalz, KÄSE, Zwiebelpulver, Kräuter). Das Produkt kann Spuren von SOJA enthalten.",1651,392,10,"5,5","59,7","1,5","14,6","2,2",https://www.edeka24.de/Lebensmittel/Beilagen/Nudeln/EDEKA-Italia-Tortellini-Carne-250G.html,https://www.edeka24.de/out/pictures/generated/product/1/540_540_90/edeka_italia_tortellini_carne_250g.jpg
2340,Lebensmittel,Beilagen,Nudeln,Barilla Nudeln Spaghettoni No. 7 500G,"2,49 €","4,98 €/kg","inkl. MwSt., zzgl. 4.95 € Versandkosten.",lieferbar innerhalb von 2-5 Werktagen,2023-05-03 01:09:36.592509,TEIGWAREN AUS HARTWEIZENGRIESS,"Hinweis zur Aufbewahrung: Trocken, vor Licht und Wärme geschützt lagern.","Verantwortliches Lebensmittelunternehmen:
Barilla G. e R. Fratelli - Società per Azioni, Via Mantova 166, Parma - Italy","Zutatenverzeichnis: HARTWEIZENGRIESS, Wasser. KANN SPUREN VON SOJABOHNEN ENTHALTEN. KANN SPUREN VON EIERN ENTHALTEN, WENN DAS PRODUKT IN DEM MIT DEM BUCHSTABEN (A) GEKENNZEICHNETEN WERK HERGESTELLT WURDE.",1521,359,2,"0,5","70,9","3,5","12,8","0,013",https://www.edeka24.de/Lebensmittel/Beilagen/Nudeln/Barilla-Nudeln-Spaghettoni-No-7-500G.html,https://www.edeka24.de/out/pictures/generated/product/1/540_540_90/barilla_nudeln_spaghettoni_no_7.jpg
2341,Lebensmittel,Beilagen,Nudeln,EDEKA Genussmomente Rigatoni Napoletani 500G,"2,29 €","4,58 €/kg","inkl. MwSt., zzgl. 4.95 € Versandkosten.",lieferbar innerhalb von 2-5 Werktagen (geringer Lagerbestand),2023-05-03 01:09:39.529047,Pasta di Gragnano IGP - Teigware aus Hartweizengrieß,Hinweis zur Aufbewahrung: Kühl und trocken lagern.,"Verantwortliches Lebensmittelunternehmen:
EDEKA ZENTRALE Stiftung & Co. KG, D-22291 Hamburg",Zutatenverzeichnis: HARTWEIZENGRIEß. Das Produkt kann Spuren von SOJA und SENF enthalten.,1479,349,"1,2","0,3",69,"3,1",14,0,https://www.edeka24.de/Lebensmittel/Beilagen/Nudeln/EDEKA-Genussmomente-Rigatoni-Napoletani-500G.html,https://www.edeka24.de/out/pictures/generated/product/1/540_540_90/edeka_selection_rigatoni_500g.jpg
2342,Lebensmittel,Beilagen,Nudeln,Barilla Nudeln La Collezione Lasagne 500G,"2,89 €","5,78 €/kg","inkl. MwSt., zzgl. 4.95 € Versandkosten.",lieferbar innerhalb von 2-5 Werktagen,2023-05-03 01:09:42.637972,Teigware aus Hartweizengriess,Hinweis zur Aufbewahrung: Kühl und trocken lagern,"Verantwortliches Lebensmittelunternehmen:
Barilla G. e R. Fratelli - Società per Azioni, Via Mantova 166, I-43122 Parma","Zutatenverzeichnis: HARTWEIZENGRIESS , Wasser. Kann Spuren von SOJABOHNEN und EI enthalten.",359,1521,2,"0,5","71,7","3,5",12,"0,013",https://www.edeka24.de/Lebensmittel/Beilagen/Nudeln/Barilla-Nudeln-La-Collezione-Lasagne-500G.html,https://www.edeka24.de/out/pictures/generated/product/1/540_540_90/barilla_nudeln_la_collezione_lasagne(1).jpg
2343,Lebensmittel,Beilagen,Nudeln,Gaggli Frischeier-Bandnudeln schmal 4mm 250G,"2,19 €","8,76 €/kg","inkl. MwSt., zzgl. 4.95 € Versandkosten.",lieferbar innerhalb von 2-5 Werktagen,2023-05-03 01:09:45.133140,Frischeier Nudeln,Hinweis zur Aufbewahrung: Trockene und lichtgeschützte Lagerung,"Verantwortliches Lebensmittelunternehmen:
BUCK GmbH & Co. KG Nudelspezialitäten, Mühlstr. 8-10, D-88512 Mengen","Zutatenverzeichnis: HARTWEIZENGRIESS, 18 % FRISCHEIER",365,1546,3,1,69,3,14,"0,1",https://www.edeka24.de/Lebensmittel/Beilagen/Nudeln/Gaggli-Frischeier-Bandnudeln-schmal-4mm-250G.html,https://www.edeka24.de/out/pictures/generated/product/1/540_540_90/gaggli_frischeierbandnudeln_schmal_4mm.jpg
2344,Lebensmittel,Beilagen,Nudeln,Dinkel Max Bio Spiralen 500G,"3,49 €","6,98 €/kg","inkl. MwSt., zzgl. 4.95 € Versandkosten.",lieferbar innerhalb von 2-5 Werktagen,2023-05-03 01:09:47.974426,Bio Dinkel Nudeln,"Hinweis zur Aufbewahrung: Kühl, trocken und lichtgeschützt lagern.","Verantwortliches Lebensmittelunternehmen:
Spaichinger Nudelmacher GmbH, 78549 Spaichingen",Zutatenverzeichnis: DINKELMEHL aus kontrolliert biologischem Anbau,1527,360,"1,5","0,3",74,"3,1",11,"0,01",https://www.edeka24.de/Lebensmittel/Beilagen/Nudeln/Dinkel-Max-Bio-Spiralen-500G.html,https://www.edeka24.de/out/pictures/generated/product/1/540_540_90/dimaspira.jpg
2345,Lebensmittel,Beilagen,Nudeln,Delverde Classica Tagliatelle 500G,"1,89 €","3,78 €/kg","inkl. MwSt., zzgl. 4.95 € Versandkosten.",lieferbar innerhalb von 2-5 Werktagen,2023-05-03 01:09:51.452014,Teigwaren aus Hartweizen,Hinweis zur Aufbewahrung: Trocken lagern und vor Wärme schützen.,"Verantwortliches Lebensmittelunternehmen:
Newlat GmbH, 68070 Mannheim",Zutatenverzeichnis: HARTWEIZENGRIESS,1514,357,"1,4","0,3",72,"3,1","12,5","0,02",https://www.edeka24.de/Lebensmittel/Beilagen/Nudeln/Delverde-Classica-Tagliatelle-500G.html,https://www.edeka24.de/out/pictures/generated/product/1/540_540_90/delverde_classica_tagliatelle_500g.jpg
2346,Lebensmittel,Beilagen,Nudeln,Tress Großmutters Küche Original Schwäbische Knöpfle 500G,"3,79 €","7,58 €/kg","inkl. MwSt., zzgl. 4.95 € Versandkosten.",lieferbar innerhalb von 2-5 Werktagen,2023-05-03 01:09:56.019671,Frischei-Teigwaren,Hinweis zur Aufbewahrung: Bitte trocken und lichtgeschützt lagern.,"Verantwortliches Lebensmittelunternehmen:
Franz Tress GmbH & Co. KG, Dottinger Str. 69, D-72525 Münsingen","Zutatenverzeichnis: HARTWEIZENGRIEß, frische EIER (20 %)",1579,373,"3,3","0,8","68,6","0,9","15,3","0,1",https://www.edeka24.de/Lebensmittel/Beilagen/Nudeln/Tress-Grossmutters-Kueche-Original-Schwaebische-Knoepfle-500G.html,https://www.edeka24.de/out/pictures/generated/product/1/540_540_90/tress-gromutters-kche-schwbische-sptzle.jpg
2347,Lebensmittel,Beilagen,Nudeln,Tress Großmutters Küche Original Schwäbische Spätzle 500G,"3,79 €","7,58 €/kg","inkl. MwSt., zzgl. 4.95 € Versandkosten.",lieferbar innerhalb von 2-5 Werktagen,2023-05-03 01:09:58.566544,Frischei-Teigwaren,Hinweis zur Aufbewahrung: Bitte trocken und lichtgeschützt lagern.,"Verantwortliches Lebensmittelunternehmen:
Franz Tress GmbH & Co. KG, Dottinger Str. 69, D-72525 Münsingen","Zutatenverzeichnis: HARTWEIZENGRIEß, frische EIER (20 %)",1579,373,"3,3","0,8","68,6","0,9","15,3","0,1",https://www.edeka24.de/Lebensmittel/Beilagen/Nudeln/Tress-Grossmutters-Kueche-Original-Schwaebische-Spaetzle-500G.html,https://www.edeka24.de/out/pictures/generated/product/1/540_540_90/tress-gromutters-kche-original-schwbische-sptzle.jpg
2348,Lebensmittel,Beilagen,Nudeln,Alnatura Bio Dinkel Vollkorn Spaghetti 500G,"2,29 €","4,58 €/kg","inkl. MwSt., zzgl. 4.95 € Versandkosten.",lieferbar innerhalb von 2-5 Werktagen,2023-05-03 01:10:01.180425,Bio Teigwaren aus Dinkelvollkornmehl,Hinweis zur Aufbewahrung: Bitte trocken lagern und vor Wärme schützen.,"Verantwortliches Lebensmittelunternehmen:
Alnatura Produktions- und Handels GmbH, Mahatma-Gandhi-Str. 7, 64295 Darmstadt",Zutatenverzeichnis: DINKELVOLLKORNMEHL. Aus biologischer Landwirtschaft . Kann Spuren von EI enthalten.,1452,344,"2,4","0,4",62,"3,3",13,"0,01",https://www.edeka24.de/Lebensmittel/Beilagen/Nudeln/Alnatura-Bio-Dinkel-Vollkorn-Spaghetti-500G.html,https://www.edeka24.de/out/pictures/generated/product/1/540_540_90/alnatura_bio_nudeln_dinkel_vollkorn_spaghetti_500_g.jpg
2349,Lebensmittel,Beilagen,Nudeln,Birkel Maccaroni 500G,"2,29 €","4,58 €/kg","inkl. MwSt., zzgl. 4.95 € Versandkosten.",lieferbar innerhalb von 2-5 Werktagen,2023-05-03 01:10:04.041522,Frischeinudeln,Hinweis zur Aufbewahrung: Trocken lagern.,"Verantwortliches Lebensmittelunternehmen:
Newlat GmbH, Franzosenstraße 9, 68169 Mannheim","Zutatenverzeichnis: HARTWEIZENGRIEß, FRISCHEI (10%). Kann Spuren von SOJA enthalten.",1528,361,"2,5","0,5",70,3,13,"0,05",https://www.edeka24.de/Lebensmittel/Beilagen/Nudeln/Birkel-Maccaroni-500G.html,https://www.edeka24.de/out/pictures/generated/product/1/540_540_90/birkel_maccaroni_500g.jpg
2350,Lebensmittel,Beilagen,Nudeln,Just Taste Bio Süßkartoffel Spaghetti 250G,"3,49 €","13,96 €/kg","inkl. MwSt., zzgl. 4.95 € Versandkosten.",lieferbar innerhalb von 2-5 Werktagen,2023-05-03 01:10:07.079770,-,Hinweis zur Aufbewahrung: Trocken lagern.,"Verantwortliches Lebensmittelunternehmen:
Just Taste GmbH, 71634 Ludwigsburg","Zutatenverzeichnis: 95% Bio Süßkartoffel, 5% Bio Kurkuma.",1469,346,"0,2","0,1","83,7","0,4","0,3","0,21",https://www.edeka24.de/Lebensmittel/Beilagen/Nudeln/Just-Taste-Bio-Suesskartoffel-Spaghetti-250G.html,https://www.edeka24.de/out/pictures/generated/product/1/540_540_90/jtssskartglasspagh.jpg
2351,Lebensmittel,Beilagen,Nudeln,3 Glocken Genuss Pur Nudeln Spaghetti 500G,"1,99 €","3,98 €/kg","inkl. MwSt., zzgl. 4.95 € Versandkosten.",lieferbar innerhalb von 2-5 Werktagen,2023-05-03 01:10:10.109277,Hartweizennudeln,Hinweis zur Aufbewahrung: Trocken lagern.,"Verantwortliches Lebensmittelunternehmen:
Newlat GmbH, 68070 Mannheim","Zutatenverzeichnis: HARTWEIZENGRIEß, Quellwasser",352,1491,"1,5","0,4",71,3,12,"0,005",https://www.edeka24.de/Lebensmittel/Beilagen/Nudeln/3-Glocken-Genuss-Pur-Nudeln-Spaghetti-500G.html,https://www.edeka24.de/out/pictures/generated/product/1/540_540_90/3_glocken_genuss_pur_nudeln_spaghetti.jpg
2352,Lebensmittel,Beilagen,Nudeln,Barilla Nudeln Capellini No.1 500G,"2,49 €","4,98 €/kg","inkl. MwSt., zzgl. 4.95 € Versandkosten.",lieferbar innerhalb von 2-5 Werktagen,2023-05-03 01:10:13.660985,TEIGWAREN AUS HARTWEIZENGRIESS,"Hinweis zur Aufbewahrung: Trocken, vor Licht und Wärme geschützt lagern.","Verantwortliches Lebensmittelunternehmen:
Barilla G. e R. Fratelli - Società per Azioni, Barilla G. e R. Fratelli - Società per Azioni - Via Mantova 166, Parma - Italy.","Zutatenverzeichnis: HARTWEIZENGRIESS, Wasser. KANN SPUREN VON SOJABOHNEN ENTHALTEN. KANN SPUREN VON EIERN ENTHALTEN, WENN DAS PRODUKT IN DEM MIT DEM BUCHSTABEN (A) GEKENNZEICHNETEN WERK HERGESTELLT WURDE.",359,1521,2,"0,5","70,9","3,5","12,8","0,013",https://www.edeka24.de/Lebensmittel/Beilagen/Nudeln/Barilla-Nudeln-Capellini-No-1-500G.html,https://www.edeka24.de/out/pictures/generated/product/1/540_540_90/barilla_nudeln_capellini_no_1.jpg
2353,Lebensmittel,Beilagen,Nudeln,Dorfmühle Oberschwäbische Land-Nudeln Breite Bandnudeln 12mm 500G,"3,79 €","7,58 €/kg","inkl. MwSt., zzgl. 4.95 € Versandkosten.",lieferbar innerhalb von 2-5 Werktagen,2023-05-03 01:10:16.460461,Frischeier Nudeln,Hinweis zur Aufbewahrung: Trockene und lichtgeschützte Lagerung,"Verantwortliches Lebensmittelunternehmen:
BUCK GmbH & Co. KG Nudelspezialitäten, Mühlstr. 8-10, D-88512 Mengen","Zutatenverzeichnis: HARTWEIZENGRIESS, 10 % FRISCHEIER",361,1530,"2,5","0,8",70,3,13,"0,1",https://www.edeka24.de/Lebensmittel/Beilagen/Nudeln/Dorfmuehle-Oberschwaebische-Land-Nudeln-Breite-Bandnudeln-12mm-500G.html,https://www.edeka24.de/out/pictures/generated/product/1/540_540_90/dorfmhle_oberschwbische_landnudeln_breite_bandnudeln_12mm.jpg
2354,Lebensmittel,Beilagen,Nudeln,Dorfmühle Oberschwäbische Land-Nudeln Schwäbische Knöpfle 500G,"3,79 €","7,58 €/kg","inkl. MwSt., zzgl. 4.95 € Versandkosten.",lieferbar innerhalb von 2-5 Werktagen,2023-05-03 01:10:18.920478,Frischeier Nudeln,Hinweis zur Aufbewahrung: Trocken und lichtgeschützt lagern.,"Verantwortliches Lebensmittelunternehmen:
BUCK GmbH & Co. KG Nudelspezialitäten, Mühlstr. 8-10, D-88512 Mengen","Zutatenverzeichnis: HARTWEIZENGRIESS, 10 % FRISCHEIER",1530,361,"2,5","0,8",70,3,13,"0,1",https://www.edeka24.de/Lebensmittel/Beilagen/Nudeln/Dorfmuehle-Oberschwaebische-Land-Nudeln-Schwaebische-Knoepfle-500G.html,https://www.edeka24.de/out/pictures/generated/product/1/540_540_90/dorfmhle_oberschwbische_landnudeln_schwbische_knpfle_500_g.jpg
2355,Lebensmittel,Beilagen,Nudeln,Barilla Nudeln Piccolini Mini Penne Rigate 500G,"2,49 €","4,98 €/kg","inkl. MwSt., zzgl. 4.95 € Versandkosten.",lieferbar innerhalb von 2-5 Werktagen,2023-05-03 01:10:21.872718,Teigwaren aus Hartweizengriess,Hinweis zur Aufbewahrung: Kühl und trocken lagern,"Verantwortliches Lebensmittelunternehmen:
Barilla G. e R. Fratelli - Società per Azioni, Barilla G. e R. Fratelli - Società per Azioni - Via Mantova 166, Parma - Italy.","Zutatenverzeichnis: HARTWEIZENGRIESS, Wasser. Kann Spuren von SOJABOHNEN enthalten.",359,1521,2,"0,5","71,5","3,5","12,2","0,013",https://www.edeka24.de/Lebensmittel/Beilagen/Nudeln/Barilla-Nudeln-Piccolini-Mini-Penne-Rigate-500G.html,https://www.edeka24.de/out/pictures/generated/product/1/540_540_90/barilla_nudeln_piccolini_mini_penne_rigate(1).jpg
2356,Lebensmittel,Beilagen,Nudeln,Gaggli Frischeier-Spiralen 250G,"2,19 €","8,76 €/kg","inkl. MwSt., zzgl. 4.95 € Versandkosten.",lieferbar innerhalb von 2-5 Werktagen,2023-05-03 01:10:25.457890,Frischeier Nudeln,Hinweis zur Aufbewahrung: Trockene und lichtgeschützte Lagerung,"Verantwortliches Lebensmittelunternehmen:
BUCK GmbH & Co. KG Nudelspezialitäten, Mühlstr. 8-10, D-88512 Mengen","Zutatenverzeichnis: HARTWEIZENGRIESS, 18 % FRISCHEIER",1546,365,3,1,69,3,14,"0,1",https://www.edeka24.de/Lebensmittel/Beilagen/Nudeln/Gaggli-Frischeier-Spiralen-250G.html,https://www.edeka24.de/out/pictures/generated/product/1/540_540_90/gaggli_frischeierspiralen.jpg
2357,Lebensmittel,Beilagen,Nudeln,Gaggli Frischeier-Bandnudeln breit 12mm 250G,"2,19 €","8,76 €/kg","inkl. MwSt., zzgl. 4.95 € Versandkosten.",lieferbar innerhalb von 2-5 Werktagen,2023-05-03 01:10:31.254859,Frischeier Nudeln,Hinweis zur Aufbewahrung: Trockene und lichtgeschützte Lagerung,"Verantwortliches Lebensmittelunternehmen:
BUCK GmbH & Co. KG Nudelspezialitäten, Mühlstr. 8-10, D-88512 Mengen","Zutatenverzeichnis: HARTWEIZENGRIESS, 18 % FRISCHEIER",365,1546,3,1,69,3,14,"0,1",https://www.edeka24.de/Lebensmittel/Beilagen/Nudeln/Gaggli-Frischeier-Bandnudeln-breit-12mm-250G.html,https://www.edeka24.de/out/pictures/generated/product/1/540_540_90/gagglifrischeibanu.jpg
2358,Lebensmittel,Beilagen,Nudeln,Gaggli Frischeier-Faden-Nestchen 250G,"2,19 €","8,76 €/kg","inkl. MwSt., zzgl. 4.95 € Versandkosten.",lieferbar innerhalb von 2-5 Werktagen,2023-05-03 01:10:34.069837,Frischeier Nudeln,Hinweis zur Aufbewahrung: Trockene und lichtgeschützte Lagerung,"Verantwortliches Lebensmittelunternehmen:
BUCK GmbH & Co. KG Nudelspezialitäten, Mühlstr. 8-10, D-88512 Mengen","Zutatenverzeichnis: HARTWEIZENGRIESS, 18 % FRISCHEIER",1546,365,3,1,69,3,14,"0,1",https://www.edeka24.de/Lebensmittel/Beilagen/Nudeln/Gaggli-Frischeier-Faden-Nestchen-250G.html,https://www.edeka24.de/out/pictures/generated/product/1/540_540_90/gaggli_frischeierfadennestchen.jpg
2359,Lebensmittel,Beilagen,Nudeln,Dorfmühle Oberschwäbische Land-Nudeln Spaghetti 500G,"3,79 €","7,58 €/kg","inkl. MwSt., zzgl. 4.95 € Versandkosten.",lieferbar innerhalb von 2-5 Werktagen,2023-05-03 01:10:37.074272,Frischeier Nudeln,Hinweis zur Aufbewahrung: Trockene und lichtgeschützte Lagerung,"Verantwortliches Lebensmittelunternehmen:
BUCK GmbH & Co. KG Nudelspezialitäten, Mühlstr. 8-10, D-88512 Mengen","Zutatenverzeichnis: HARTWEIZENGRIESS, 10 % FRISCHEIER",361,1530,"2,5","0,8",70,3,13,"0,1",https://www.edeka24.de/Lebensmittel/Beilagen/Nudeln/Dorfmuehle-Oberschwaebische-Land-Nudeln-Spaghetti-500G.html,https://www.edeka24.de/out/pictures/generated/product/1/540_540_90/dorfmhle_oberschwbische_landnudeln_spaghetti.jpg
2360,Lebensmittel,Beilagen,Nudeln,Tress Großmutters Küche Schwäbische Geschabte Spätzle 500G,"3,79 €","7,58 €/kg","inkl. MwSt., zzgl. 4.95 € Versandkosten.",lieferbar innerhalb von 2-5 Werktagen,2023-05-03 01:10:40.269686,Frischei-Teigwaren,Hinweis zur Aufbewahrung: Bitte trocken und lichtgeschützt lagern.,"Verantwortliches Lebensmittelunternehmen:
Franz Tress GmbH & Co. KG, Dottinger Str. 69, D-72525 Münsingen","Zutatenverzeichnis: HARTWEIZENGRIEß, frische EIER (20 %)",1579,373,"3,3","0,8","68,6","0,9","15,3","0,1",https://www.edeka24.de/Lebensmittel/Beilagen/Nudeln/Tress-Grossmutters-Kueche-Schwaebische-Geschabte-Spaetzle-500G.html,https://www.edeka24.de/out/pictures/generated/product/1/540_540_90/tress-gromutters-kche-schwbische-gschabte-sptzle(1).jpg
2361,Lebensmittel,Beilagen,Nudeln,3 Glocken Die mag ich Spätzle 500G,"1,99 €","3,98 €/kg","inkl. MwSt., zzgl. 4.95 € Versandkosten.",lieferbar innerhalb von 2-5 Werktagen,2023-05-03 01:10:43.531037,Eier-Nudeln mit Hartweizen,Hinweis zur Aufbewahrung: Trocken lagern.,"Verantwortliches Lebensmittelunternehmen:
Newlat GmbH, 68070 Mannheim","Zutatenverzeichnis: HARTWEIZENGRIESS, EIER (10%). Kann Spuren von SOJA enthalten.",1528,361,"2,5","0,5",70,3,13,"0,05",https://www.edeka24.de/Lebensmittel/Beilagen/Nudeln/3-Glocken-Die-mag-ich-Spaetzle-500G.html,https://www.edeka24.de/out/pictures/generated/product/1/540_540_90/dmisptzle.jpg
2362,Lebensmittel,Beilagen,Nudeln,EDEKA Italia Gnocchetti Sardi 500G,"1,49 €","2,98 €/kg","inkl. MwSt., zzgl. 4.95 € Versandkosten.",lieferbar innerhalb von 2-5 Werktagen,2023-05-03 01:10:46.454574,Teigware aus Hartweizengrieß,Hinweis zur Aufbewahrung: kühl und trocken lagern,"Verantwortliches Lebensmittelunternehmen:
EDEKA ZENTRALE Stiftung & Co. KG, D-22291 Hamburg",Zutatenverzeichnis: HARTWEIZENGRIEß.,1584,374,"1,5","0,3",75,3,"13,5","0,01",https://www.edeka24.de/Lebensmittel/Beilagen/Nudeln/EDEKA-Italia-Gnocchetti-Sardi-500G.html,https://www.edeka24.de/out/pictures/generated/product/1/540_540_90/edeka_italia_gnocchetti_sardi.jpg
2363,Lebensmittel,Beilagen,Nudeln,Alnatura Bio Lasagne 250G,"1,89 €","7,56 €/kg","inkl. MwSt., zzgl. 4.95 € Versandkosten.",lieferbar innerhalb von 2-5 Werktagen,2023-05-03 01:10:48.979475,Bio Teigwaren aus Hartweizengriess,Hinweis zur Aufbewahrung: Bitte trocken lagern und vor Wärme schützen.,"Verantwortliches Lebensmittelunternehmen:
Alnatura GmbH, Mahatma-Ghandi-Str. 7, 64295 Darmstadt","Zutatenverzeichnis: HARTWEIZENGRIEß*.Kann Spuren von SOJA, SENF und LUPINE enthalten. * aus biologischer Landwirtschaft.",1478,349,"1,5","0,3",71,"3,2",11,"0,01",https://www.edeka24.de/Lebensmittel/Beilagen/Nudeln/Alnatura-Bio-Lasagne-250G.html,https://www.edeka24.de/out/pictures/generated/product/1/540_540_90/bio_alnatura_lasagne_250g(1).jpg
2364,Lebensmittel,Beilagen,Nudeln,3 Glocken Genuss Pur Röhrchen 500G,"1,99 €","3,98 €/kg","inkl. MwSt., zzgl. 4.95 € Versandkosten.",lieferbar innerhalb von 2-5 Werktagen,2023-05-03 01:10:52.067170,Hartweizennudeln,Hinweis zur Aufbewahrung: Trocken lagern.,"Verantwortliches Lebensmittelunternehmen:
Newlat GmbH, 68070 Mannheim","Zutatenverzeichnis: HARTWEIZENGRIEß, Quellwasser. Kann Spuren von EI und SOJA enthalten.",1491,352,"1,5","0,4",71,3,12,"0,01",https://www.edeka24.de/Lebensmittel/Beilagen/Nudeln/3-Glocken-Genuss-Pur-Roehrchen-500G.html,https://www.edeka24.de/out/pictures/generated/product/1/540_540_90/genuss_pur_roehrchen_500g.jpg
2365,Lebensmittel,Beilagen,Nudeln,Birkel Suppen Nudeln 500G,"2,29 €","4,58 €/kg","inkl. MwSt., zzgl. 4.95 € Versandkosten.",lieferbar innerhalb von 2-5 Werktagen,2023-05-03 01:10:55.234419,Frischeinudeln,Hinweis zur Aufbewahrung: Trocken lagern.,"Verantwortliches Lebensmittelunternehmen:
Newlat GmbH, Franzosenstraße 9, 68169 Mannheim","Zutatenverzeichnis: HARTWEIZENGRIEß, FRISCHEI (10%). Kann Spuren von SOJA enthalten.",1528,361,"2,5","0,5",70,3,13,"0,05",https://www.edeka24.de/Lebensmittel/Beilagen/Nudeln/Birkel-Suppen-Nudeln-500G.html,https://www.edeka24.de/out/pictures/generated/product/1/540_540_90/birksupnud.jpg
2366,Lebensmittel,Beilagen,Nudeln,EDEKA Italia Nudeln Tagliatelle grün 500G,"1,99 €","3,98 €/kg","inkl. MwSt., zzgl. 4.95 € Versandkosten.",lieferbar innerhalb von 2-5 Werktagen,2023-05-03 01:10:58.352707,Teigware aus Hartweizengrieß,,"Verantwortliches Lebensmittelunternehmen:
EDEKA ZENTRALE Stiftung & Co. KG, D-22291 Hamburg","Zutatenverzeichnis: HARTWEIZENGRIEß, 3% Spinatpulver.",1584,374,"1,5","0,3",75,3,"13,5","0,01",https://www.edeka24.de/Lebensmittel/Beilagen/Nudeln/EDEKA-Italia-Nudeln-Tagliatelle-gruen-500G.html,https://www.edeka24.de/out/pictures/generated/product/1/540_540_90/edeka_italia_nudeln_tagliatelle_grn.jpg
2367,Lebensmittel,Beilagen,Nudeln,Birkel Gabel Spaghetti 500G,"2,29 €","4,58 €/kg","inkl. MwSt., zzgl. 4.95 € Versandkosten.",lieferbar innerhalb von 2-5 Werktagen,2023-05-03 01:11:01.446399,Frischeinudeln,Hinweis zur Aufbewahrung: Trocken lagern.,"Verantwortliches Lebensmittelunternehmen:
Newlat GmbH, 68070 Mannheim","Zutatenverzeichnis: HARTWEIZENGRIEß, FRISCHEI (10%). Kann Spuren von SOJA enthalten.",361,1528,"2,5","0,5",70,3,13,"0,05",https://www.edeka24.de/Lebensmittel/Beilagen/Nudeln/Birkel-Gabel-Spaghetti-500G.html,https://www.edeka24.de/out/pictures/generated/product/1/540_540_90/birkel_gabel_spaghetti_500g.jpg
2368,Lebensmittel,Beilagen,Nudeln,3 Glocken Genuss Pur Nudeln Kelche 500G,"1,99 €","3,98 €/kg","inkl. MwSt., zzgl. 4.95 € Versandkosten.",lieferbar innerhalb von 2-5 Werktagen,2023-05-03 01:11:03.961401,Hartweizennudeln,Hinweis zur Aufbewahrung: Trocken lagern.,"Verantwortliches Lebensmittelunternehmen:
Newlat GmbH, 68070 Mannheim",Zutatenverzeichnis: HARTWEIZENGRIEß,352,1491,"1,5","0,4",71,3,12,"0,005",https://www.edeka24.de/Lebensmittel/Beilagen/Nudeln/3-Glocken-Genuss-Pur-Nudeln-Kelche-500G.html,https://www.edeka24.de/out/pictures/generated/product/1/540_540_90/3_glocken_genuss_pur_nudeln_kelche.jpg
2369,Lebensmittel,Beilagen,Nudeln,Dorfmühle Oberschwäbische Land-Nudeln Schwäbische Spätzle 500G,"3,79 €","7,58 €/kg","inkl. MwSt., zzgl. 4.95 € Versandkosten.",lieferbar innerhalb von 2-5 Werktagen,2023-05-03 01:11:06.626232,Frischeier Nudeln,Hinweis zur Aufbewahrung: Trockene und lichtgeschützte Lagerung,"Verantwortliches Lebensmittelunternehmen:
BUCK GmbH & Co. KG Nudelspezialitäten, Mühlstr. 8-10, D-88512 Mengen","Zutatenverzeichnis: HARTWEIZENGRIESS, 10 % FRISCHEIER",1530,361,"2,5","0,8",70,3,13,"0,1",https://www.edeka24.de/Lebensmittel/Beilagen/Nudeln/Dorfmuehle-Oberschwaebische-Land-Nudeln-Schwaebische-Spaetzle-500G.html,https://www.edeka24.de/out/pictures/generated/product/1/540_540_90/dorfmhle_oberschwbische_landnudeln_schwbische_sptzle.jpg
2370,Lebensmittel,Beilagen,Nudeln,Barilla Nudeln Fusilli Integrale Vollkorn 500G,"2,79 €","5,58 €/kg","inkl. MwSt., zzgl. 4.95 € Versandkosten.",lieferbar innerhalb von 2-5 Werktagen,2023-05-03 01:11:09.627246,Teigwaren aus Vollkornhartweizengrieß.,Hinweis zur Aufbewahrung: Kühl und trocken lagern,"Verantwortliches Lebensmittelunternehmen:
Barilla G. e R. Fratelli - Società per Azioni, Via Mantova 166, I-43122 Parma","Zutatenverzeichnis: VOLLKORNHARTWEIZENGRIESS, Wasser.",350,1482,"2,5","0,5","65,7","3,5",13,"0,013",https://www.edeka24.de/Lebensmittel/Beilagen/Nudeln/Barilla-Nudeln-Fusilli-Integrale-Vollkorn-500G.html,https://www.edeka24.de/out/pictures/generated/product/1/540_540_90/barilla_nudeln_fusilli_integrale_vollkorn_500_g.jpg
2371,Lebensmittel,Beilagen,Nudeln,Dorfmühle Oberschwäbische Land-Nudeln Spiralen 500G,"3,79 €","7,58 €/kg","inkl. MwSt., zzgl. 4.95 € Versandkosten.",lieferbar innerhalb von 2-5 Werktagen,2023-05-03 01:11:12.760449,Frischeier-Nudeln,Hinweis zur Aufbewahrung: Bei trockener und lichtgeschützter Lagerung mindestens haltbar bis: siehe Packung.,"Verantwortliches Lebensmittelunternehmen:
BUCK GmbH & Co. KG Nudelspezialitäten, Mühlstr. 8-10, D-88512 Mengen","Zutatenverzeichnis: HARTWEIZENGRIESS, FRISCHEIER (10%).",361,1530,"2,5","0,8",70,3,13,"0,1",https://www.edeka24.de/Lebensmittel/Beilagen/Nudeln/Dorfmuehle-Oberschwaebische-Land-Nudeln-Spiralen-500G.html,https://www.edeka24.de/out/pictures/generated/product/1/540_540_90/dorfmhle_oberschwbische_landnudeln_spiralen.jpg
2372,Lebensmittel,Beilagen,Nudeln,Just Taste Bio Süßkartoffel Fettuccine 250G,"3,49 €","13,96 €/kg","inkl. MwSt., zzgl. 4.95 € Versandkosten.",lieferbar innerhalb von 2-5 Werktagen,2023-05-03 01:11:16.073616,-,Hinweis zur Aufbewahrung: Trocken lagern.,"Verantwortliches Lebensmittelunternehmen:
Just Taste GmbH, 71634 Ludwigsburg","Zutatenverzeichnis: 95% Bio Süßkartoffel, 5% Bio violette Süßkartoffel.",1493,352,"0,4","0,2","84,5","0,8","0,5","0,28",https://www.edeka24.de/Lebensmittel/Beilagen/Nudeln/Just-Taste-Bio-Suesskartoffel-Fettuccine-250G.html,https://www.edeka24.de/out/pictures/generated/product/1/540_540_90/jtssskartglasfettuccine.jpg
2373,Lebensmittel,Beilagen,Nudeln,Dorfmühle Oberschwäbische Land-Nudeln Dinkel Bandnudeln 8mm 500G,"3,79 €","7,58 €/kg","inkl. MwSt., zzgl. 4.95 € Versandkosten.",lieferbar innerhalb von 2-5 Werktagen,2023-05-03 01:11:19.167644,Dinkel-Nudeln,Hinweis zur Aufbewahrung: Bei trockener und lichtgeschützter Lagerung mindesten haltbar bis:,"Verantwortliches Lebensmittelunternehmen:
Buck GmbH & Co. KG, Postfach 40, 88508 Mengen",Zutatenverzeichnis: DINKELGRIESS,347,1469,"2,55","0,55","65,3","0,75","12,4","0,01",https://www.edeka24.de/Lebensmittel/Beilagen/Nudeln/Dorfmuehle-Oberschwaebische-Land-Nudeln-Dinkel-Bandnudeln-8mm-500G.html,https://www.edeka24.de/out/pictures/generated/product/1/540_540_90/dorfmamp252hle_oberschwamp228bische_landnudeln_dinkel_band_8mm_500g.jpg
2374,Lebensmittel,Beilagen,Nudeln,De Cecco Farfalle No 93 500G,"2,79 €","5,58 €/kg","inkl. MwSt., zzgl. 4.95 € Versandkosten.",lieferbar innerhalb von 2-5 Werktagen,2023-05-03 01:11:22.106462,Teigwaren aus Hartweizengriess,Hinweis zur Aufbewahrung: Vor Wärme und Licht geschützt lagern.,"Verantwortliches Lebensmittelunternehmen:
F.lli de Cecco di Filippo Fara S. Martino S.p.A., Via F. De Cecco - 66015 Fara S. Martino (CH) Italy",Zutatenverzeichnis: Teigwaren aus HARTWEIZENGRIESS. Kann SOJA enthalten.,1490,351,"1,5","0,3",69,"3,4",14,0,https://www.edeka24.de/Lebensmittel/Beilagen/Nudeln/De-Cecco-Farfalle-No-93-500G.html,https://www.edeka24.de/out/pictures/generated/product/1/540_540_90/de_cecco_farfalle_500g.jpg
2375,Lebensmittel,Beilagen,Nudeln,EDEKA Italia Bavette 500G,"1,49 €","2,98 €/kg","inkl. MwSt., zzgl. 4.95 € Versandkosten.",lieferbar innerhalb von 2-5 Werktagen,2023-05-03 01:11:25.004177,Teigware aus Hartweizengrieß,Hinweis zur Aufbewahrung: Kühl und trocken lagern.,"Verantwortliches Lebensmittelunternehmen:
EDEKA ZENTRALE Stiftung & Co. KG, D-22291 Hamburg",Zutatenverzeichnis: HARTWEIZENGRIEß.,1584,374,"1,5","0,3",75,3,"13,5","0,01",https://www.edeka24.de/Lebensmittel/Beilagen/Nudeln/EDEKA-Italia-Bavette-500G.html,https://www.edeka24.de/out/pictures/generated/product/1/540_540_90/edeka_italia_bavette.jpg
2376,Lebensmittel,Beilagen,Nudeln,Barilla Risoni 500G,"2,49 €","4,98 €/kg","inkl. MwSt., zzgl. 4.95 € Versandkosten.",lieferbar innerhalb von 2-5 Werktagen,2023-05-03 01:11:27.978689,Teigwaren aus Hartweizengriess,Hinweis zur Aufbewahrung: Trocken und vor Wärme geschützt lagern.,"Verantwortliches Lebensmittelunternehmen:
Barilla G. e R. Fratelli - Società per Azioni, Via Mantova 166, I-43122 Parma","Zutatenverzeichnis: HARTWEIZENGRIESS, Wasser. Kann Spuren von SOJABOHNEN enthalten.",1521,359,2,"0,5","72,2","3,5","11,5","0,013",https://www.edeka24.de/Lebensmittel/Beilagen/Nudeln/Barilla-Risoni-500G.html,https://www.edeka24.de/out/pictures/generated/product/1/540_540_90/barillarisoni_500g.jpg
2377,Lebensmittel,Beilagen,Nudeln,Barilla Castellane 500G,"2,89 €","5,78 €/kg","inkl. MwSt., zzgl. 4.95 € Versandkosten.",lieferbar innerhalb von 2-5 Werktagen,2023-05-03 01:11:31.056957,Teigwaren aus Hartweizengrieß,"Hinweis zur Aufbewahrung: Trocken, vor Licht und Wärme geschützt lagern.","Verantwortliches Lebensmittelunternehmen:
Barilla G. e R. Fratelli - Società per Azioni, Barilla G. e R. Fratelli - Società per Azioni - Via Mantova 166, Parma - Italy.","Zutatenverzeichnis: HARTWEIZENGRIESS, Wasser. Kann Spuren von SOJABOHNEN enthalten.",1521,359,2,"0,5","71,2","3,5","12,5","0,013",https://www.edeka24.de/Lebensmittel/Beilagen/Nudeln/Barilla-Castellane-500G.html,https://www.edeka24.de/out/pictures/generated/product/1/540_540_90/barilla_castellane_500g.jpg
2378,Lebensmittel,Beilagen,Nudeln,De Cecco Spaghettoni No 412 500G,"2,79 €","5,58 €/kg","inkl. MwSt., zzgl. 4.95 € Versandkosten.",lieferbar innerhalb von 2-5 Werktagen,2023-05-03 01:11:33.911740,Teigwaren aus Hartweizengriess,Hinweis zur Aufbewahrung: Vor Wärme und Licht geschützt lagern.,"Verantwortliches Lebensmittelunternehmen:
F.lli de Cecco di Filippo Fara S. Martino S.p.A., Via F. De Cecco - 66015 Fara S. Martino (CH) Italy",Zutatenverzeichnis: Teigwaren aus HARTWEIZENGRIESS. Kann SOJA enthalten.,1490,351,"1,5","0,3",69,"3,4",14,0,https://www.edeka24.de/Lebensmittel/Beilagen/Nudeln/De-Cecco-Spaghettoni-No-412-500G.html,https://www.edeka24.de/out/pictures/generated/product/1/540_540_90/de_cecco_spaghettoni_500g.jpg
2379,Lebensmittel,Beilagen,Nudeln,De Cecco Lasagna Timballo Uovo Spinaci 500G,"4,29 €","8,58 €/kg","inkl. MwSt., zzgl. 4.95 € Versandkosten.",lieferbar innerhalb von 2-5 Werktagen,2023-05-03 01:11:36.602502,Eierteigware mit Spinat,"Hinweis zur Aufbewahrung: Vor Wärmequellen und Sonneneinstrahlung geschützt lagern, feuchte Umgebung vermeiden.","Verantwortliches Lebensmittelunternehmen:
F.lli De Cecco di Filippo - Fara San Martino S.p.A. Via F. De Cecco - 66015 Fara San Martino (CH), Italy","Zutatenverzeichnis: HartWEIZENgrieß, pasteurisiertem frische EIER(23,87%), Blattspinat(10%). Kann SOJA und SENF enthalten.",1546,365,"4,2","1,3",65,"2,2",15,"0,13",https://www.edeka24.de/Lebensmittel/Beilagen/Nudeln/De-Cecco-Lasagna-Timballo-Uovo-Spinaci-500G.html,https://www.edeka24.de/out/pictures/generated/product/1/540_540_90/de_cecco_lasagna_timballo_uovo_spinaci_500g.jpg
2380,Lebensmittel,Beilagen,Nudeln,Tress Original Hausmacher Bandnudeln 8mm 500G,"3,29 €","6,58 €/kg","inkl. MwSt., zzgl. 4.95 € Versandkosten.",lieferbar innerhalb von 2-5 Werktagen,2023-05-03 01:11:39.191477,Frischei-Teigwaren,Hinweis zur Aufbewahrung: Bitte trocken und lichtgeschützt lagern.,"Verantwortliches Lebensmittelunternehmen:
Franz Tress GmbH & Co. KG, Dottinger Str. 69, D-72525 Münsingen","Zutatenverzeichnis: HARTWEIZENGRIEß, frische EIER (20 %)",1579,373,"3,3","0,8","68,6","0,9","15,3","0,1",https://www.edeka24.de/Lebensmittel/Beilagen/Nudeln/Tress-Original-Hausmacher-Bandnudeln-8mm-500G.html,https://www.edeka24.de/out/pictures/generated/product/1/540_540_90/tress-original-hausmacher-bandnudeln-8mm.jpg
2381,Lebensmittel,Beilagen,Nudeln,EDEKA Bio Spaghetti aus 100% Hartweizen 500,"1,59 €","3,18 €/kg","inkl. MwSt., zzgl. 4.95 € Versandkosten.",lieferbar innerhalb von 2-5 Werktagen,2023-05-03 01:11:42.308779,Teigware aus Hartweizengrieß,Hinweis zur Aufbewahrung: Trocken lagern.,"Verantwortliches Lebensmittelunternehmen:
EDEKA ZENTRALE Stiftung & Co. KG, D-22291 Hamburg",Zutatenverzeichnis: HARTWEIZENGRIEß* *aus kontrolliert ökologischer Landwirtschaft Das Produkt kann Spuren von EI und SOJA enthalten.,1517,358,"1,7","0,4",72,"3,6",12,"0,01",https://www.edeka24.de/Lebensmittel/Beilagen/Nudeln/EDEKA-Bio-Spaghetti-aus-100-Hartweizen-500.html,https://www.edeka24.de/out/pictures/generated/product/1/540_540_90/edeka_bio_spaghetti_aus_100_hartweizen.jpg
2382,Lebensmittel,Beilagen,Nudeln,De Cecco Tagliatelle No 203 500G,"2,99 €","5,98 €/kg","inkl. MwSt., zzgl. 4.95 € Versandkosten.",lieferbar innerhalb von 2-5 Werktagen,2023-05-03 01:11:46.626062,Teigwaren aus Hartweizengriess,Hinweis zur Aufbewahrung: Vor Wärme und Licht geschützt lagern.,"Verantwortliches Lebensmittelunternehmen:
F.lli de Cecco di Filippo Fara S. Martino S.p.A., Via F. De Cecco - 66015 Fara S. Martino (CH) Italy","Zutatenverzeichnis: Teigwaren aus HARTWEIZENGRIESS. Kann EIER, SOJA und SENF enthalten.",1490,351,"1,5","0,3",69,"3,4",14,0,https://www.edeka24.de/Lebensmittel/Beilagen/Nudeln/De-Cecco-Tagliatelle-No-203-500G.html,https://www.edeka24.de/out/pictures/generated/product/1/540_540_90/de_cecco_tagliatelle_nidi_semola_500g.jpg
2383,Lebensmittel,Beilagen,Nudeln,Barilla Nudeln Pennette Rigate Integrale Vollkorn 500G,"2,79 €","5,58 €/kg","inkl. MwSt., zzgl. 4.95 € Versandkosten.",lieferbar innerhalb von 2-5 Werktagen,2023-05-03 01:11:50.323426,Teigwaren aus Vollkornhartweizengrieß.,Hinweis zur Aufbewahrung: Kühl und trocken lagern,"Verantwortliches Lebensmittelunternehmen:
Barilla G. e R. Fratelli - Società per Azioni, Via Mantova 166, I-43122 Parma","Zutatenverzeichnis: VOLLKORNHARTWEIZENGRIESS, Wasser.",1482,350,"2,5","0,5","65,7","3,5",13,"0,013",https://www.edeka24.de/Lebensmittel/Beilagen/Nudeln/Barilla-Nudeln-Pennette-Rigate-Integrale-Vollkorn-500G.html,https://www.edeka24.de/out/pictures/generated/product/1/540_540_90/barilla_nudeln_pennette_rigate_integrale_vollkorn_500_g.jpg
2384,Lebensmittel,Beilagen,Nudeln,Barilla Nudeln La Collezione Cannelloni 250G,"2,89 €","11,56 €/kg","inkl. MwSt., zzgl. 4.95 € Versandkosten.",lieferbar innerhalb von 2-5 Werktagen,2023-05-03 01:11:53.048421,Teigwaren aus Hartweizengriess,Hinweis zur Aufbewahrung: Kühl und trocken lagern,"Verantwortliches Lebensmittelunternehmen:
Barilla G. e R. Fratelli - Società per Azioni, Barilla G. e R. Fratelli - Società per Azioni - Via Mantova 166, Parma - Italy.","Zutatenverzeichnis: HARTWEIZENGRIESS, Wasser.KANN SPUREN VON EIERN ENTHALTEN, WENN DAS PRODUKT IN DEM MIT DEM BUCHSTABEN (A) GEKENNZEICHNETEN WERK HERGESTELLT WURDE.",1521,359,2,"0,5","71,7","3,5",12,"0,013",https://www.edeka24.de/Lebensmittel/Beilagen/Nudeln/Barilla-Nudeln-La-Collezione-Cannelloni-250G.html,https://www.edeka24.de/out/pictures/generated/product/1/540_540_90/barilla_nudeln_la_collezione_cannelloni.jpg
2385,Lebensmittel,Beilagen,Nudeln,Dorfmühle Oberschwäbische Land-Nudeln Hörnchen 500G,"3,79 €","7,58 €/kg","inkl. MwSt., zzgl. 4.95 € Versandkosten.",lieferbar innerhalb von 2-5 Werktagen,2023-05-03 01:11:56.065295,Frischeier Nudeln,Hinweis zur Aufbewahrung: Trockene und lichtgeschützte Lagerung,"Verantwortliches Lebensmittelunternehmen:
BUCK GmbH & Co. KG Nudelspezialitäten, Mühlstr. 8-10, D-88512 Mengen","Zutatenverzeichnis: HARTWEIZENGRIESS, 10 % FRISCHEIER",1530,361,"2,5","0,8",70,3,13,"0,1",https://www.edeka24.de/Lebensmittel/Beilagen/Nudeln/Dorfmuehle-Oberschwaebische-Land-Nudeln-Hoernchen-500G.html,https://www.edeka24.de/out/pictures/generated/product/1/540_540_90/domlanu.jpg
2386,Lebensmittel,Beilagen,Nudeln,Dorfmühle Oberschwäbische Land-Nudeln Schnittnudeln 2mm 500G,"3,79 €","7,58 €/kg","inkl. MwSt., zzgl. 4.95 € Versandkosten.",lieferbar innerhalb von 2-5 Werktagen,2023-05-03 01:11:59.561250,Frischeier-Nudeln,Hinweis zur Aufbewahrung: Bei trockener und lichtgeschützter Lagerung mindesten haltbar bis: siehe Packung.,"Verantwortliches Lebensmittelunternehmen:
BUCK GmbH & Co. KG Nudelspezialitäten, Mühlstr. 8-10, D-88512 Mengen","Zutatenverzeichnis: HARTWEIZENGRIESS, FRISCHEIER (10%).",361,1530,"2,5","0,8",70,3,13,"0,1",https://www.edeka24.de/Lebensmittel/Beilagen/Nudeln/Dorfmuehle-Oberschwaebische-Land-Nudeln-Schnittnudeln-2mm-500G.html,https://www.edeka24.de/out/pictures/generated/product/1/540_540_90/dorfmhle_oberschwbische_landnudeln_schnittnudeln_2mm.jpg
2387,Lebensmittel,Beilagen,Nudeln,De Cecco Casareccia No 88 500G,"2,79 €","5,58 €/kg","inkl. MwSt., zzgl. 4.95 € Versandkosten.",lieferbar innerhalb von 2-5 Werktagen,2023-05-03 01:12:02.976132,-,Hinweis zur Aufbewahrung: Kühl und trocken lagern,"Verantwortliches Lebensmittelunternehmen:
F.lli de Cecco di Filippo Fara S. Martino S.p.A., Via F. De Cecco - 66015 Fara S. Martino (CH) Italy",Zutatenverzeichnis: HARTWEIZENGRIEß. Kann SOJA enthalten.,1493,352,"1,5","0,3","69,2","3,4",14,"0,01",https://www.edeka24.de/Lebensmittel/Beilagen/Nudeln/De-Cecco-Casareccia-No-88-500G.html,https://www.edeka24.de/out/pictures/generated/product/1/540_540_90/de_cecco_casareccia_no_88.jpg
2388,Lebensmittel,Beilagen,Nudeln,De Cecco Linguine No 7 500G,"2,79 €","5,58 €/kg","inkl. MwSt., zzgl. 4.95 € Versandkosten.",lieferbar innerhalb von 2-5 Werktagen,2023-05-03 01:12:06.083979,Teigwaren aus Hartweizengrieß,Hinweis zur Aufbewahrung: Kühl und trocken lagern,"Verantwortliches Lebensmittelunternehmen:
F.lli de Cecco di Filippo Fara S. Martino S.p.A., Via F. De Cecco - 66015 Fara S. Martino (CH) Italy",Zutatenverzeichnis: HARTWEIZENGRIEß,352,1493,"1,5","0,3","69,2","3,4",14,"0,01",https://www.edeka24.de/Lebensmittel/Beilagen/Nudeln/De-Cecco-Linguine-No-7-500G.html,https://www.edeka24.de/out/pictures/generated/product/1/540_540_90/dececcolingu.jpg
2389,Lebensmittel,Beilagen,Nudeln,Gaggli Frischeier-Buchstaben 250G,"2,19 €","8,76 €/kg","inkl. MwSt., zzgl. 4.95 € Versandkosten.",lieferbar innerhalb von 2-5 Werktagen,2023-05-03 01:12:08.674545,Frischeier Nudeln,"Hinweis zur Aufbewahrung: Bitte kühl, trocken und lichtgeschützt lagern.","Verantwortliches Lebensmittelunternehmen:
BUCK GmbH & Co. KG Nudelspezialitäten, Mühlstr. 8-10, D-88512 Mengen","Zutatenverzeichnis: HARTWEIZENGRIESS, 18 % FRISCHEIER",1546,365,3,1,69,3,14,"0,1",https://www.edeka24.de/Lebensmittel/Beilagen/Nudeln/Gaggli-Frischeier-Buchstaben-250G.html,https://www.edeka24.de/out/pictures/generated/product/1/540_540_90/gaggli_frischeierbuchstaben_250g.jpg
2390,Lebensmittel,Beilagen,Nudeln,Tress Großmutters Küche Breite Nudeln 9mm 500G,"3,79 €","7,58 €/kg","inkl. MwSt., zzgl. 4.95 € Versandkosten.",lieferbar innerhalb von 2-5 Werktagen,2023-05-03 01:12:12.089193,Frischei-Teigwaren,Hinweis zur Aufbewahrung: Bitte trocken und lichtgeschützt lagern.,"Verantwortliches Lebensmittelunternehmen:
Franz Tress GmbH & Co. KG, Dottinger Str. 69, D-72525 Münsingen","Zutatenverzeichnis: HARTWEIZENGRIEß, frische EIER (20 %)",1579,373,"3,3","0,8","68,6","0,9","15,3","0,1",https://www.edeka24.de/Lebensmittel/Beilagen/Nudeln/Tress-Grossmutters-Kueche-Breite-Nudeln-9mm-500G.html,https://www.edeka24.de/out/pictures/generated/product/1/540_540_90/tress-gromutters-kche-bandnudeln-9mm.jpg
2391,Lebensmittel,Beilagen,Nudeln,3 Glocken Die mag ich Extrabreite 500G,"1,99 €","3,98 €/kg","inkl. MwSt., zzgl. 4.95 € Versandkosten.",lieferbar innerhalb von 2-5 Werktagen,2023-05-03 01:12:15.088658,Eiermudeln mit Hartweizen.,Hinweis zur Aufbewahrung: Trocken lagern.,"Verantwortliches Lebensmittelunternehmen:
Newlat GmbH, 68070 Mannheim","Zutatenverzeichnis: HARTWEIZENGRIESS, EIER (10%). Kann Spuren von SOJA enthalten.",1528,361,"2,5","0,5",70,3,13,"0,05",https://www.edeka24.de/Lebensmittel/Beilagen/Nudeln/3-Glocken-Die-mag-ich-Extrabreite-500G.html,https://www.edeka24.de/out/pictures/generated/product/1/540_540_90/dmiextrabreite.jpg
2392,Lebensmittel,Beilagen,Nudeln,Barilla Fusilli Al Bronzo 400G,"2,69 €","6,73 €/kg","inkl. MwSt., zzgl. 4.95 € Versandkosten.",lieferbar innerhalb von 2-5 Werktagen,2023-05-03 01:12:18.235019,Teigwaren aus Hartweizengriess,"Hinweis zur Aufbewahrung: Kühl, trocken und vor Licht geschützt lagern.","Verantwortliches Lebensmittelunternehmen:
Barilla G. e R. Fratelli - Società per Azioni, Via Mantova 166, I-43122 Parma","Zutatenverzeichnis: HARTWEIZENGRIESS, Wasser. Kann Spuren von SOJABOHNEN und SENF enthalten.",1521,359,2,"0,4","69,7","3,5",14,"0,013",https://www.edeka24.de/Lebensmittel/Beilagen/Nudeln/Barilla-Fusilli-Al-Bronzo-400G.html,https://www.edeka24.de/out/pictures/generated/product/1/540_540_90/barilla_fusilli_albronzo_400g.jpg
2393,Lebensmittel,Beilagen,Nudeln,Dorfmühle Oberschwäbische Land-Nudeln Dinkel Spiralen 500G,"3,79 €","7,58 €/kg","inkl. MwSt., zzgl. 4.95 € Versandkosten.",lieferbar innerhalb von 2-5 Werktagen,2023-05-03 01:12:21.336127,Dinkel-Nudeln,Hinweis zur Aufbewahrung: Bei trockener und lichtgeschützter Lagerung mindesten haltbar bis:,"Verantwortliches Lebensmittelunternehmen:
Buck GmbH & Co. KG, Postfach 40, 88508 Mengen","Zutatenverzeichnis: DINKELMEHL, DINKELGRIEß (Weizenart). Kann Spuren von EI enthalten.",1469,347,"2,55","0,55","65,3","0,75","12,4","0,01",https://www.edeka24.de/Lebensmittel/Beilagen/Nudeln/Dorfmuehle-Oberschwaebische-Land-Nudeln-Dinkel-Spiralen-500G.html,https://www.edeka24.de/out/pictures/generated/product/1/540_540_90/dorfmamp252hle_oberschwamp228bische_landnudeln_dinkel_spiralen_nudeln_500g.jpg
2394,Lebensmittel,Beilagen,Nudeln,Gaggli Gabelspagetti 250G,"2,19 €","8,76 €/kg","inkl. MwSt., zzgl. 4.95 € Versandkosten.",lieferbar innerhalb von 2-5 Werktagen,2023-05-03 01:12:23.963793,Frischeier Nudeln,Hinweis zur Aufbewahrung: Trockene und lichtgeschützte Lagerung,"Verantwortliches Lebensmittelunternehmen:
BUCK GmbH & Co. KG Nudelspezialitäten, Mühlstr. 8-10, D-88512 Mengen","Zutatenverzeichnis: HARTWEIZENGRIESS, 18 % FRISCHEIER",1546,365,3,1,69,3,14,"0,1",https://www.edeka24.de/Lebensmittel/Beilagen/Nudeln/Gaggli-Gabelspagetti-250G.html,https://www.edeka24.de/out/pictures/generated/product/1/540_540_90/gaggli_gabelspagetti.jpg
2395,Lebensmittel,Beilagen,Nudeln,Tress Großmutters Küche Muschel-Nudeln 500G,"3,79 €","7,58 €/kg","inkl. MwSt., zzgl. 4.95 € Versandkosten.",lieferbar innerhalb von 2-5 Werktagen,2023-05-03 01:12:26.994239,Frischei-Teigwaren,Hinweis zur Aufbewahrung: Bitte trocken und lichtgeschützt lagern.,"Verantwortliches Lebensmittelunternehmen:
Franz Tress GmbH & Co. KG, Dottinger Str. 69, D-72525 Münsingen","Zutatenverzeichnis: HARTWEIZENGRIEß, frische EIER (20 %)",373,1579,"3,3","0,8","68,6","0,9","15,3","0,1",https://www.edeka24.de/Lebensmittel/Beilagen/Nudeln/Tress-Grossmutters-Kueche-Muschel-Nudeln-500G.html,https://www.edeka24.de/out/pictures/generated/product/1/540_540_90/tressgromutterskchemuschel-nudeln.jpg
2396,Lebensmittel,Beilagen,Nudeln,Tress Original Hausmacher gedrehte Bandnudeln 500G,"3,29 €","6,58 €/kg","inkl. MwSt., zzgl. 4.95 € Versandkosten.",lieferbar innerhalb von 2-5 Werktagen,2023-05-03 01:12:30.040408,Frischei-Teigwaren,Hinweis zur Aufbewahrung: Bitte trocken und lichtgeschützt lagern.,"Verantwortliches Lebensmittelunternehmen:
Franz Tress GmbH & Co. KG, Dottinger Str. 69, D-72525 Münsingen","Zutatenverzeichnis: HARTWEIZENGRIEß, frische EIER (20 %)",373,1579,"3,3","0,8","68,6","0,9","15,3","0,1",https://www.edeka24.de/Lebensmittel/Beilagen/Nudeln/Tress-Original-Hausmacher-gedrehte-Bandnudeln-500G.html,https://www.edeka24.de/out/pictures/generated/product/1/540_540_90/tress-original-hausmacher-gedrehte-bandnudeln.jpg
2397,Lebensmittel,Beilagen,Nudeln,Just Taste Bio Edamame Spaghetti 250G,"3,49 €","13,96 €/kg","inkl. MwSt., zzgl. 4.95 € Versandkosten.",lieferbar innerhalb von 2-5 Werktagen,2023-05-03 01:12:33.043743,-,Hinweis zur Aufbewahrung: Trocken lagern,"Verantwortliches Lebensmittelunternehmen:
Just Taste GmbH, 71634 Ludwigsburg",Zutatenverzeichnis: 100% grüne Bio SOJABOHNEN,1247,298,"3,8","0,7","13,6","9,1",43,"0,01",https://www.edeka24.de/Lebensmittel/Beilagen/Nudeln/Just-Taste-Bio-Edamame-Spaghetti-250G.html,https://www.edeka24.de/out/pictures/generated/product/1/540_540_90/jtedamamespagh.jpg
2398,Lebensmittel,Beilagen,Nudeln,Barilla Spaghetti Al Bronzo 400G,"2,69 €","6,73 €/kg","inkl. MwSt., zzgl. 4.95 € Versandkosten.",lieferbar innerhalb von 2-5 Werktagen,2023-05-03 01:12:36.062139,Teigwaren aus Hartweizengriess,"Hinweis zur Aufbewahrung: Kühl, trocken und vor Licht geschützt lagern.","Verantwortliches Lebensmittelunternehmen:
Barilla G. e R. Fratelli - Società per Azioni, Via Mantova 166, I-43122 Parma","Zutatenverzeichnis: HARTWEIZENGRIESS, Wasser. Kann Spuren von SOJABOHNEN und SENF enthalten.",1521,359,2,"0,4","69,7","3,5",14,"0,013",https://www.edeka24.de/Lebensmittel/Beilagen/Nudeln/Barilla-Spaghetti-Al-Bronzo-400G.html,https://www.edeka24.de/out/pictures/generated/product/1/540_540_90/barilla_spaghetti_albronzo_400g.jpg
2399,Lebensmittel,Beilagen,Nudeln,Barilla Collezione Orecchiette 500G,"2,89 €","5,78 €/kg","inkl. MwSt., zzgl. 4.95 € Versandkosten.",lieferbar innerhalb von 2-5 Werktagen,2023-05-03 01:12:39.137752,TEIGWAREN AUS HARTWEIZENGRIESS,Hinweis zur Aufbewahrung: Kühl und trocken lagern,"Verantwortliches Lebensmittelunternehmen:
Barilla G. e R. Fratelli - Società per Azioni, Via Mantova 166, Parma - Italy.","Zutatenverzeichnis: HARTWEIZENGRIESS, Wasser. Kann Spuren von SOJABOHNEN enthalten.",359,1521,2,"0,5","71,7","3,5",12,"0,013",https://www.edeka24.de/Lebensmittel/Beilagen/Nudeln/Barilla-Collezione-Orecchiette-500G.html,https://www.edeka24.de/out/pictures/generated/product/1/540_540_90/barilla_collezione_orecchiette_500g.jpg
2400,Lebensmittel,Beilagen,Nudeln,Tress Hausmacher Spiralen 500G,"3,29 €","6,58 €/kg","inkl. MwSt., zzgl. 4.95 € Versandkosten.",lieferbar innerhalb von 2-5 Werktagen,2023-05-03 01:12:42.618867,-,,"Verantwortliches Lebensmittelunternehmen:
Franz Tress GmbH & Co. KG., D-72525 Münsigen","Zutatenverzeichnis: Zutaten: HartWEIZENgriess, frische EIER (20 %)",1579,373,"3,3","0,8","68,6","3,3","15,3","0,1",https://www.edeka24.de/Lebensmittel/Beilagen/Nudeln/Tress-Hausmacher-Spiralen-500G.html,https://www.edeka24.de/out/pictures/generated/product/1/540_540_90/tress_hausmspiralen_500g.jpg
2401,Lebensmittel,Beilagen,Nudeln,Schär Lasagne All'Uovo 250G,"4,79 €","19,16 €/kg","inkl. MwSt., zzgl. 4.95 € Versandkosten.",lieferbar innerhalb von 2-5 Werktagen,2023-05-03 01:12:45.542798,Glutenfreie Eierteigware. Speziell formuliert für Menschen mit Glutenunverträglichkeit.,Hinweis zur Aufbewahrung: Bei Raumtemperatur trocken lagern.,"Verantwortliches Lebensmittelunternehmen:
Dr. Schär AG / SPA, Winkelau 9, 39014 Burgstall/Postal (BZ) Italy","Zutatenverzeichnis: Maisstärke, EIER 23%, Reismehl, Maismehl, Emulgator: Mono- und Diglyceride von Speisefettsäuren, Verdickungsmittel: Guarkernmehl. Kann Spuren von SOJA enthalten.",1579,373,"4,3","1,5",76,0,"6,4","0,18",https://www.edeka24.de/Lebensmittel/Beilagen/Nudeln/Schaer-Lasagne-All-Uovo-250G.html,https://www.edeka24.de/out/pictures/generated/product/1/540_540_90/schrlasagne.jpg
2402,Lebensmittel,Beilagen,Nudeln,EDEKA Genussmomente Fusilloni 500G,"2,29 €","4,58 €/kg","inkl. MwSt., zzgl. 4.95 € Versandkosten.",lieferbar innerhalb von 2-5 Werktagen,2023-05-03 01:12:49.125420,Pasta di Gragnano IGP - Teigware aus Hartweizengrieß,,"Verantwortliches Lebensmittelunternehmen:
EDEKA ZENTRALE Stiftung & Co. KG, D-22291 Hamburg",Zutatenverzeichnis: HARTWEIZENGRIEß. Das Produkt kann Spuren von SOJA enthalten.,1489,351,1,"0,1",70,3,14,0,https://www.edeka24.de/Lebensmittel/Beilagen/Nudeln/EDEKA-Genussmomente-Fusilloni-500G.html,https://www.edeka24.de/out/pictures/generated/product/1/540_540_90/edeka_selection_fusilloni_500g.jpg
2403,Lebensmittel,Beilagen,Nudeln,Barilla Nudeln Spaghetti No.5 Integrale Vollkorn 500G,"2,79 €","5,58 €/kg","inkl. MwSt., zzgl. 4.95 € Versandkosten.",lieferbar innerhalb von 2-5 Werktagen,2023-05-03 01:12:52.349858,TEIGWAREN AUS VOLLKORN- HARTWEIZENGRIESS,"Hinweis zur Aufbewahrung: Trocken, vor Licht und Wärme geschützt lagern.","Verantwortliches Lebensmittelunternehmen:
Barilla G. e R. Fratelli - Società per Azioni, Via Mantova 166, Parma - Italy","Zutatenverzeichnis: VOLLKORN-HARTWEIZENGRIESS, Wasser. Kann Spuren von SOJABOHNEN enthalten.",347,1466,"2,5","0,5",64,"3,5",13,"0,013",https://www.edeka24.de/Lebensmittel/Beilagen/Nudeln/Barilla-Nudeln-Spaghetti-No-5-Integrale-Vollkorn-500G.html,https://www.edeka24.de/out/pictures/generated/product/1/540_540_90/barilla_nudeln_spaghetti_no5_integrale_vollkorn_500_g.jpg
2404,Lebensmittel,Beilagen,Nudeln,Gaggli Frischeier-Wellenspätzle 250G,"2,19 €","8,76 €/kg","inkl. MwSt., zzgl. 4.95 € Versandkosten.",lieferbar innerhalb von 2-5 Werktagen,2023-05-03 01:12:55.044776,Frischeier Nudeln,Hinweis zur Aufbewahrung: Trockene und lichtgeschützte Lagerung,"Verantwortliches Lebensmittelunternehmen:
BUCK GmbH & Co. KG Nudelspezialitäten, Mühlstr. 8-10, D-88512 Mengen","Zutatenverzeichnis: HARTWEIZENGRIESS, 18 % FRISCHEIER",365,1546,3,1,69,3,14,"0,1",https://www.edeka24.de/Lebensmittel/Beilagen/Nudeln/Gaggli-Frischeier-Wellenspaetzle-250G.html,https://www.edeka24.de/out/pictures/generated/product/1/540_540_90/gaggli_frischeierwellensptzle.jpg
2405,Lebensmittel,Beilagen,Nudeln,Gaggli Frischeier-Hörnchen 250G,"2,19 €","8,76 €/kg","inkl. MwSt., zzgl. 4.95 € Versandkosten.",lieferbar innerhalb von 2-5 Werktagen,2023-05-03 01:12:57.790321,Frischeier Nudeln,Hinweis zur Aufbewahrung: Trockene und lichtgeschützte Lagerung,"Verantwortliches Lebensmittelunternehmen:
BUCK GmbH & Co. KG Nudelspezialitäten, Mühlstr. 8-10, D-88512 Mengen","Zutatenverzeichnis: HARTWEIZENGRIESS, 18 % FRISCHEIER",365,1546,3,1,69,3,14,"0,1",https://www.edeka24.de/Lebensmittel/Beilagen/Nudeln/Gaggli-Frischeier-Hoernchen-250G.html,https://www.edeka24.de/out/pictures/generated/product/1/540_540_90/gaggli_frischeierhrnchen.jpg
2406,Lebensmittel,Beilagen,Nudeln,Just Taste Bio Black Bean Spaghetti 250G,"3,49 €","13,96 €/kg","inkl. MwSt., zzgl. 4.95 € Versandkosten.",lieferbar innerhalb von 2-5 Werktagen,2023-05-03 01:13:00.718016,-,Hinweis zur Aufbewahrung: Trocken lagern.,"Verantwortliches Lebensmittelunternehmen:
Just Taste GmbH, 71634 Ludwigsburg","Zutatenverzeichnis: 99% Bio schwarze Bohnen, 1% Bio grüne SOJABOHNEN",1349,322,"6,1","1,2","13,9","7,7","41,7","0,06",https://www.edeka24.de/Lebensmittel/Beilagen/Nudeln/Just-Taste-Bio-Black-Bean-Spaghetti-250G.html,https://www.edeka24.de/out/pictures/generated/product/1/540_540_90/jtblackbeanspagh.jpg
2407,Lebensmittel,Beilagen,Nudeln,Barilla Casarecce aus Kichererbsen 250G,"3,79 €","15,16 €/kg","inkl. MwSt., zzgl. 4.95 € Versandkosten.",lieferbar innerhalb von 2-5 Werktagen,2023-05-03 01:13:04.106954,Spezialität aus Hülsenfrüchten,"Hinweis zur Aufbewahrung: Trocken, vor Licht und Wärme geschützt lagern.","Verantwortliches Lebensmittelunternehmen:
Barilla G. e R. Fratelli S.p.A., Via Mantova 166, Parma - Italy.",Zutatenverzeichnis: Mehl aus Kichererbsen,348,1465,"6,2","1,1","45,1","2,9",21,"0,012",https://www.edeka24.de/Lebensmittel/Beilagen/Nudeln/Barilla-Casarecce-aus-Kichererbsen-250G.html,https://www.edeka24.de/out/pictures/generated/product/1/540_540_90/barilla_casarecce_kichererbsen_250g.jpg
2408,Lebensmittel,Beilagen,Nudeln,Barilla Papiri 450G,"2,89 €","6,42 €/kg","inkl. MwSt., zzgl. 4.95 € Versandkosten.",lieferbar innerhalb von 2-5 Werktagen,2023-05-03 01:13:07.306696,Teigwaren aus Hartweizengriess,"Hinweis zur Aufbewahrung: Trocken, vor Licht und Wärme geschützt lagern.","Verantwortliches Lebensmittelunternehmen:
Barilla G. e R. Fratelli - Società per Azioni, Via Mantova 166, I-43122 Parma","Zutatenverzeichnis: HARTWEIZENGRIESS, Wasser. Kann Spuren von SOJABOHNEN enthalten.",1521,359,2,"0,5","71,2","3,5","12,5","0,013",https://www.edeka24.de/Lebensmittel/Beilagen/Nudeln/Barilla-Papiri-450G.html,https://www.edeka24.de/out/pictures/generated/product/1/540_540_90/barilla_papiri_450g.jpg
2409,Lebensmittel,Beilagen,Nudeln,Schär Spaghetti mit 20% Hirse 500G,"2,79 €","5,58 €/kg","inkl. MwSt., zzgl. 4.95 € Versandkosten.",lieferbar innerhalb von 2-5 Werktagen,2023-05-03 01:13:10.215833,Glutenfreie Pasta. Speziell formuliert für Menschen mit Glutenunverträglichkeit.,Hinweis zur Aufbewahrung: Bei Raumtemperatur trocken lagern.,"Verantwortliches Lebensmittelunternehmen:
Dr. Schär AG/SPA, Winkelau 9, 39014 Burgstall/Postal (BZ) Italy","Zutatenverzeichnis: Maismehl, Reismehl, Hirsemehl 20%, Emulgator: Mono- und Diglyceride von Speisefettsäuren. Kann Spuren von SOJA enthalten.",1522,359,"2,3","0,4",75,"0,3","8,2",0,https://www.edeka24.de/Lebensmittel/Beilagen/Nudeln/Schaer-Spaghetti-mit-20-Hirse-500G.html,https://www.edeka24.de/out/pictures/generated/product/1/540_540_90/schr_spaghetti_glutenfrei.jpg
2410,Lebensmittel,Beilagen,Nudeln,Barilla Casarecce 500G,"2,89 €","5,78 €/kg","inkl. MwSt., zzgl. 4.95 € Versandkosten.",lieferbar innerhalb von 2-5 Werktagen,2023-05-03 01:13:12.817298,-,,"Verantwortliches Lebensmittelunternehmen:
Barilla G. e R. Fratelli, IT-43122 Parma","Zutatenverzeichnis: HARTWEIZENGRIESS, Wasser. Kann Spuren von SOJABOHNEN enthalten.",1521,359,"2,0","0,5","71,2","3,5","12,5","0,013",https://www.edeka24.de/Lebensmittel/Beilagen/Nudeln/Barilla-Casarecce-500G.html,https://www.edeka24.de/out/pictures/generated/product/1/540_540_90/barilla_casarecce_500g.jpg
2411,Lebensmittel,Beilagen,Nudeln,Just Taste Bio Kichererbsen Fettuccine 250G,"3,49 €","13,96 €/kg","inkl. MwSt., zzgl. 4.95 € Versandkosten.",lieferbar innerhalb von 2-5 Werktagen,2023-05-03 01:13:16.158466,-,Hinweis zur Aufbewahrung: Trocken lagern.,"Verantwortliches Lebensmittelunternehmen:
Just Taste GmbH, 71634 Ludwigsburg","Zutatenverzeichnis: 85% Bio SOJABOHNEN, 15% Bio Kichererbsen",1265,302,"4,3","0,7","8,5","7,5",43,"0,01",https://www.edeka24.de/Lebensmittel/Beilagen/Nudeln/Just-Taste-Bio-Kichererbsen-Fettuccine-250G.html,https://www.edeka24.de/out/pictures/generated/product/1/540_540_90/jtkichererbsenfettuccine.jpg
2412,Lebensmittel,Beilagen,Nudeln,Tress Original Hausmacher Spaghetti 500G,"3,29 €","6,58 €/kg","inkl. MwSt., zzgl. 4.95 € Versandkosten.",lieferbar innerhalb von 2-5 Werktagen,2023-05-03 01:13:19.962180,Frischei-Teigwaren,Hinweis zur Aufbewahrung: Bitte trocken und lichtgeschützt lagern.,"Verantwortliches Lebensmittelunternehmen:
Franz Tress GmbH & Co. KG, Dottinger Str. 69, D-72525 Münsingen","Zutatenverzeichnis: HARTWEIZENGRIEß, FrischEI (20%)",1573,372,"3,7","1,2",68,3,15,"0,1",https://www.edeka24.de/Lebensmittel/Beilagen/Nudeln/Tress-Original-Hausmacher-Spaghetti-500G.html,https://www.edeka24.de/out/pictures/generated/product/1/540_540_90/tress-original-hausmacher-spaghetti.jpg
2413,Lebensmittel,Beilagen,Nudeln,Genuss Pur Linguine 500G,"1,99 €","3,98 €/kg","inkl. MwSt., zzgl. 4.95 € Versandkosten.",lieferbar innerhalb von 2-5 Werktagen,2023-05-03 01:13:23.166768,Hartweizennudeln,,"Verantwortliches Lebensmittelunternehmen:
Newlat GmbH, 68070 Mannheim","Zutatenverzeichnis: HARTWEIZENGRIEß, Quellwasser Kann Spuren von EI und SOJA enthalten.",1491,352,"1,5","0,4",71,3,12,"<0,01",https://www.edeka24.de/Lebensmittel/Beilagen/Nudeln/Genuss-Pur-Linguine-500G.html,https://www.edeka24.de/out/pictures/generated/product/1/540_540_90/genupulingu.jpg
2414,Lebensmittel,Beilagen,Nudeln,Barilla Tortiglioni Al Bronzo 400G,"2,69 €","6,73 €/kg","inkl. MwSt., zzgl. 4.95 € Versandkosten.",lieferbar innerhalb von 2-5 Werktagen,2023-05-03 01:13:25.883849,Teigwaren aus Hartweizengriess,"Hinweis zur Aufbewahrung: Trocken, vor Licht und Wärme geschützt lagern.","Verantwortliches Lebensmittelunternehmen:
Barilla G. e R. Fratelli - Società per Azioni, Via Mantova 166, I-43122 Parma","Zutatenverzeichnis: HARTWEIZENGRIESS, Wasser. Kann Spuren von SOJABOHNEN und SENF enthalten.",1521,359,2,"0,4","69,7","3,5",14,"0,013",https://www.edeka24.de/Lebensmittel/Beilagen/Nudeln/Barilla-Tortiglioni-Al-Bronzo-400G.html,https://www.edeka24.de/out/pictures/generated/product/1/540_540_90/barilla_tortiglioni_albronzo_400g.jpg
2415,Lebensmittel,Beilagen,Nudeln,Tress Original Hausmacher Bandnudeln 4mm 500G,"3,29 €","6,58 €/kg","inkl. MwSt., zzgl. 4.95 € Versandkosten.",lieferbar innerhalb von 2-5 Werktagen,2023-05-03 01:13:28.373528,Frischei-Teigwaren.,Hinweis zur Aufbewahrung: Bitte trocken und lichtgeschützt lagern.,"Verantwortliches Lebensmittelunternehmen:
Franz Tress GmbH & Co.KG, Dottinger Straße 69, 72525 Münsingen","Zutatenverzeichnis: HARTWEIZENGRIEß, frische EIER (20%).",1579,373,"3,3","0,8","68,6","3,3","15,3","0,1",https://www.edeka24.de/Lebensmittel/Beilagen/Nudeln/Tress-Original-Hausmacher-Bandnudeln-4mm-500G.html,https://www.edeka24.de/out/pictures/generated/product/1/540_540_90/tress_orighausmband_4mm_500g.jpg
2416,Lebensmittel,Beilagen,Nudeln,Barilla Spaghettoni Al Bronzo 400G,"2,69 €","6,73 €/kg","inkl. MwSt., zzgl. 4.95 € Versandkosten.",lieferbar innerhalb von 2-5 Werktagen,2023-05-03 01:13:31.086894,Teigwaren aus Hartweizengriess,"Hinweis zur Aufbewahrung: Kühl, trocken und vor Licht geschützt lagern.","Verantwortliches Lebensmittelunternehmen:
Barilla G. e R. Fratelli - Società per Azioni, Via Mantova 166, I-43122 Parma","Zutatenverzeichnis: HARTWEIZENGRIESS, Wasser. Kann Spuren von SOJABOHNEN und SENF enthalten.",1521,359,2,"0,4","69,7","3,5",14,"0,013",https://www.edeka24.de/Lebensmittel/Beilagen/Nudeln/Barilla-Spaghettoni-Al-Bronzo-400G.html,https://www.edeka24.de/out/pictures/generated/product/1/540_540_90/barilla_spaghettoni_albronzo_400g.jpg
2417,Lebensmittel,Beilagen,Nudeln,Gaggli Frischeier-Bandnudeln halbreit 8mm 250G,"2,19 €","8,76 €/kg","inkl. MwSt., zzgl. 4.95 € Versandkosten.",lieferbar innerhalb von 2-5 Werktagen,2023-05-03 01:13:34.018902,Frischeier Nudeln,Hinweis zur Aufbewahrung: Trockene und lichtgeschützte Lagerung,"Verantwortliches Lebensmittelunternehmen:
BUCK GmbH & Co. KG Nudelspezialitäten, Mühlstr. 8-10, D-88512 Mengen","Zutatenverzeichnis: HARTWEIZENGRIESS, 18 % FRISCHEIER",365,1546,3,1,69,3,14,"0,1",https://www.edeka24.de/Lebensmittel/Beilagen/Nudeln/Gaggli-Frischeier-Bandnudeln-halbreit-8mm-250G.html,https://www.edeka24.de/out/pictures/generated/product/1/540_540_90/gaggli_frischeierbandnudeln_halbreit_8mm.jpg
2418,Lebensmittel,Beilagen,Samen-Saaten,Alnatura Bio Sonnenblumenkerne 500G,"2,69 €","5,38 €/kg","inkl. MwSt., zzgl. 4.95 € Versandkosten.",lieferbar innerhalb von 2-5 Werktagen,2023-05-03 01:13:37.129480,-,"Hinweis zur Aufbewahrung: Bitte trocken lagern, vor Wärme schützen.","Verantwortliches Lebensmittelunternehmen:
Alnatura Produktions- und Handels GmbH, Mahatma-Gandhi-Str. 7, 64295 Darmstadt","Zutatenverzeichnis: Sonnenblumenkerne* *aus biologischer Landwirtschaft . Kann Spuren von GLUTEN, MANDELN, NÜSSEN und SESAM enthalten.",2526,610,49,"5,4",12,"0,5",27,"0,01",https://www.edeka24.de/Lebensmittel/Beilagen/Samen-Saaten/Alnatura-Bio-Sonnenblumenkerne-500G.html,https://www.edeka24.de/out/pictures/generated/product/1/540_540_90/alnaturasobluker.jpg
2419,Lebensmittel,Beilagen,Samen-Saaten,Alnatura Bio Sesam ungeschält 500G,"2,89 €","5,78 €/kg","inkl. MwSt., zzgl. 4.95 € Versandkosten.",lieferbar innerhalb von 2-5 Werktagen,2023-05-03 01:13:40.177514,-,"Hinweis zur Aufbewahrung: Bitte trocken lagern, vor Wärme schützen.","Verantwortliches Lebensmittelunternehmen:
Alnatura Produktions- und Handels GmbH, Mahatma-Gandhi-Str. 7, 64295 Darmstadt",Zutatenverzeichnis: SESAM* *aus biologischer Landwirtschaft. Kann Spuren von GLUTEN enthalten.,2465,596,50,"7,6",10,"0,5",21,"0,11",https://www.edeka24.de/Lebensmittel/Beilagen/Samen-Saaten/Alnatura-Bio-Sesam-ungeschaelt-500G.html,https://www.edeka24.de/out/pictures/generated/product/1/540_540_90/alnatura_bio_sesam_ungeschlt.jpg
2420,Lebensmittel,Beilagen,Samen-Saaten,Unverpackt Bio Sonnenblumenkerne 300G,"2,49 €","8,30 €/kg","zzgl. 0,15 € Pfand","inkl. MwSt., zzgl. 4.95 € Versandkosten.",2023-05-03 01:13:42.951906,-,"Hinweis zur Aufbewahrung: Kühl, trocken und im Dunkeln lagern.","Verantwortliches Lebensmittelunternehmen:
Unverpackt Umgedacht GmbH, Ernst-Thälmann-Str. 99, 14532 Kleinmachnow",,2405,574,49,"5,7",12,"0,2",26,"0,01",https://www.edeka24.de/Lebensmittel/Beilagen/Samen-Saaten/Unverpackt-Bio-Sonnenblumenkerne-300G.html,https://www.edeka24.de/out/pictures/generated/product/1/540_540_90/unverpacktsonnenblumenkerne.jpg
2421,Lebensmittel,Beilagen,Samen-Saaten,Alnatura Bio Flohsamen 250G,"3,29 €","13,16 €/kg","inkl. MwSt., zzgl. 4.95 € Versandkosten.",lieferbar innerhalb von 2-5 Werktagen,2023-05-03 01:13:45.457515,"Bio Flohsamen, ganz",Hinweis zur Aufbewahrung: Bitte trocken lagern und vor Wärme schützen.,"Verantwortliches Lebensmittelunternehmen:
Alnatura Produktions- und Handels GmbH, Mahatma-Gandhi-Str. 7, 64295 Darmstadt",Zutatenverzeichnis: Kann Spuren von GLUTEN und SESAM enthalten.,1111,271,7,"1,2","3,5","0,5",16,"0,09",https://www.edeka24.de/Lebensmittel/Beilagen/Samen-Saaten/Alnatura-Bio-Flohsamen-250G.html,https://www.edeka24.de/out/pictures/generated/product/1/540_540_90/bio_alnatura_flohsamen_250g.jpg
2422,Lebensmittel,Beilagen,Samen-Saaten,Alnatura Bio Amaranth gepufft 125G,"1,89 €","15,12 €/kg","inkl. MwSt., zzgl. 4.95 € Versandkosten.",lieferbar innerhalb von 2-5 Werktagen,2023-05-03 01:13:48.337760,-,Hinweis zur Aufbewahrung: Bitte trocken lagern und vor Wärme schützen. Nach dem Öffnen Verpackung gut verschließen.,"Verantwortliches Lebensmittelunternehmen:
Alnatura Produktions- und Handels GmbH, Mahatma-Gandhi-Str. 7, 64295 Darmstadt","Zutatenverzeichnis: Amaranth* gepufft *aus biologischer Landwirtschaft . Kann Spuren von NÜSSEN, MANDELN, MILCH, SOJA und SESAM enthalten.",1685,400,"8,8","2,5",62,"1,5",15,"0,05",https://www.edeka24.de/Lebensmittel/Beilagen/Samen-Saaten/Alnatura-Bio-Amaranth-gepufft-125G.html,https://www.edeka24.de/out/pictures/generated/product/1/540_540_90/alnatura_bio_amaranth_gepufft.jpg
2423,Lebensmittel,Beilagen,Samen-Saaten,Alnatura Bio Leinsamen 500G,"2,19 €","4,38 €/kg","inkl. MwSt., zzgl. 4.95 € Versandkosten.",lieferbar innerhalb von 2-5 Werktagen,2023-05-03 01:13:51.492316,-,"Hinweis zur Aufbewahrung: Bitte trocken lagern, vor Wärme schützen.","Verantwortliches Lebensmittelunternehmen:
Alnatura GmbH, Darmstädter Str. 63, 64404 Bickenbach",Zutatenverzeichnis: Leinsamen* *aus biologischer Landwirtschaft . Kann Spuren von GLUTEN enthalten.,2084,506,40,"4,4","0,9","0,8",21,"0,04",https://www.edeka24.de/Lebensmittel/Beilagen/Samen-Saaten/Alnatura-Bio-Leinsamen-500G.html,https://www.edeka24.de/out/pictures/generated/product/1/540_540_90/bio_alnatura_leinsamen_500g.jpg
2424,Lebensmittel,Beilagen,Samen-Saaten,Alnatura Bio Buchweizen 500G,"2,79 €","5,58 €/kg","inkl. MwSt., zzgl. 4.95 € Versandkosten.",lieferbar innerhalb von 2-5 Werktagen,2023-05-03 01:13:54.842744,-,Hinweis zur Aufbewahrung: Bitte trocken lagern.,"Verantwortliches Lebensmittelunternehmen:
Alnatura GmbH, Mahatma-Gandhi-Straße 7, 64295 Darmstadt","Zutatenverzeichnis: Buchweizen*. kann Spuren von GLUTEN, SOJA, SENF, SESAM und LUPINE enthalten. *aus biologischer Landwirtschaft",1466,346,"1,7","0,4",71,"0,5","9,8","0,01",https://www.edeka24.de/Lebensmittel/Beilagen/Samen-Saaten/Alnatura-Bio-Buchweizen-500G.html,https://www.edeka24.de/out/pictures/generated/product/1/540_540_90/bio_alnatura_buchweizen_500g.jpg
2425,Lebensmittel,Beilagen,Samen-Saaten,Alnatura Bio Quinoa Flocken 250G,"3,29 €","13,16 €/kg","inkl. MwSt., zzgl. 4.95 € Versandkosten.",lieferbar innerhalb von 2-5 Werktagen,2023-05-03 01:13:57.705566,-,Hinweis zur Aufbewahrung: Bitte trocken lagern und vor Wärme schützen,"Verantwortliches Lebensmittelunternehmen:
Alnatura Produktions- und Handels GmbH, Mahatma-Gandhi-Str. 7, 64295 Darmstadt","Zutatenverzeichnis: Quinoaflocken . Kann Spuren von ERDNUSS, SOJA, MILCH, MANDEL, NÜSSEN, SESAM und LUPINE enthalten.",1496,354,5,"0,5",59,"0,5",15,"0,02",https://www.edeka24.de/Lebensmittel/Beilagen/Samen-Saaten/Alnatura-Bio-Quinoa-Flocken-250G.html,https://www.edeka24.de/out/pictures/generated/product/1/540_540_90/alnatura_bio_quinoa_flocken_250_g.jpg
2426,Lebensmittel,Beilagen,Samen-Saaten,Alnatura Bio Quinoa 500G,"4,49 €","8,98 €/kg","inkl. MwSt., zzgl. 4.95 € Versandkosten.",lieferbar innerhalb von 2-5 Werktagen,2023-05-03 01:14:00.284507,-,Hinweis zur Aufbewahrung: Trocken lagern und vor Wärme schützen.,"Verantwortliches Lebensmittelunternehmen:
Alnatura Produktions- und Handels GmbH, Mahatma-Gandhi-Str. 7, 64295 Darmstadt","Zutatenverzeichnis: Quinoa* *aus biologischer Landwirtschaft . Kann Spuren von GLUTEN, SOJA, MILCH, MANDELN, NÜSSEN, SELLERIE und SESAM enthalten.",1532,363,"5,9","0,5",62,"1,8",12,"0,01",https://www.edeka24.de/Lebensmittel/Beilagen/Samen-Saaten/Alnatura-Bio-Quinoa-500G.html,https://www.edeka24.de/out/pictures/generated/product/1/540_540_90/bio_alnatura_quinoa_500g.jpg
2427,Lebensmittel,Beilagen,Samen-Saaten,Bio Gourmet Couscous 500G,"2,99 €","5,98 €/kg","inkl. MwSt., zzgl. 4.95 € Versandkosten.",lieferbar innerhalb von 2-5 Werktagen,2023-05-03 01:14:03.112677,-,"Hinweis zur Aufbewahrung: Kühl, trocken und lichtgeschützt lagern.","Verantwortliches Lebensmittelunternehmen:
Bio Gourmet GmbH, 71729 Erdmannshausen",Zutatenverzeichnis: HARTWEIZEN (Vollkorn) aus kontrolliert biologischem Anbau,1490,352,"1,7","0,3",69,"0,8",12,"0,02",https://www.edeka24.de/Lebensmittel/Beilagen/Samen-Saaten/Bio-Gourmet-Couscous-500G.html,https://www.edeka24.de/out/pictures/generated/product/1/540_540_90/bgcouscous.jpg
2428,Lebensmittel,Beilagen,Samen-Saaten,Alnatura Bio Amaranth 500G,"3,29 €","6,58 €/kg","inkl. MwSt., zzgl. 4.95 € Versandkosten.",lieferbar innerhalb von 2-5 Werktagen,2023-05-03 01:14:06.210962,-,Hinweis zur Aufbewahrung: Bitte trocken lagern.,"Verantwortliches Lebensmittelunternehmen:
Alnatura GmbH, Mahatma-Gandhi-Straße 7, 64295 Darmstadt","Zutatenverzeichnis: Amaranth* *aus biologischer Landwirtschaft . Kann Spuren von MANDEL, CASHEWNUSS und SESAM enthalten",1644,390,"6,7","1,9",64,"1,1",14,"0,04",https://www.edeka24.de/Lebensmittel/Beilagen/Samen-Saaten/Alnatura-Bio-Amaranth-500G.html,https://www.edeka24.de/out/pictures/generated/product/1/540_540_90/bio_alnatura_amaranth_500g.jpg
2429,Lebensmittel,Beilagen,Samen-Saaten,Alnatura Bio Goldhirse 500G,"2,19 €","4,38 €/kg","inkl. MwSt., zzgl. 4.95 € Versandkosten.",lieferbar innerhalb von 2-5 Werktagen,2023-05-03 01:14:09.142524,"Bio Goldhirse, geschält",Hinweis zur Aufbewahrung: Bitte trocken lagern und vor Wärme schützen.,"Verantwortliches Lebensmittelunternehmen:
Alnatura Produktions- und Handels GmbH, Mahatma-Gandhi-Str. 7, 64295 Darmstadt","Zutatenverzeichnis: GOLDHIRSE* *aus biologischer Landwirtschaft . Kann Spuren von GLUTEN, MANDEL, NÜSSEN und SESAM enthalten.",1535,363,"3,9",1,69,"2,2",11,"0,01",https://www.edeka24.de/Lebensmittel/Beilagen/Samen-Saaten/Alnatura-Bio-Goldhirse-500G.html,https://www.edeka24.de/out/pictures/generated/product/1/540_540_90/bio_alnatura_goldhirse_500g.jpg
2430,Lebensmittel,Beilagen,Samen-Saaten,Naduria Bio Flohsamenschalen gemahlen 200G,"6,99 €","34,95 €/kg","inkl. MwSt., zzgl. 4.95 € Versandkosten.",lieferbar innerhalb von 2-5 Werktagen (geringer Lagerbestand),2023-05-03 01:14:12.151103,,Hinweis zur Aufbewahrung: Vor Wärme geschützt sowie trocken lagern.,"Verantwortliches Lebensmittelunternehmen:
Duria Global GmbH & Co. KG, Hämmerchensgäßchen 2a, 52349 Düren",,782,193,"0,5","0,1","3,5","0,5","1,5","0,3",https://www.edeka24.de/Lebensmittel/Beilagen/Samen-Saaten/Naduria-Bio-Flohsamenschalen-gemahlen-200G.html,https://www.edeka24.de/out/pictures/generated/product/1/540_540_90/naduflosa.jpg
2431,Lebensmittel,Beilagen,Samen-Saaten,Alnatura Bio Hafer 500G,"1,79 €","3,58 €/kg","inkl. MwSt., zzgl. 4.95 € Versandkosten.",lieferbar innerhalb von 2-5 Werktagen,2023-05-03 01:14:14.758156,-,Hinweis zur Aufbewahrung: Bitte trocken lagern.,"Verantwortliches Lebensmittelunternehmen:
Alnatura GmbH, Darmstädter Str. 63, 64404 Bickenbach",Zutatenverzeichnis: HAFER* *aus biodynamischem Landbau . Kann Spuren von SOJA und LUPINEN enthalten.,1552,368,"6,2",1,61,"1,3",13,"0,02",https://www.edeka24.de/Lebensmittel/Beilagen/Samen-Saaten/Alnatura-Bio-Hafer-500G.html,https://www.edeka24.de/out/pictures/generated/product/1/540_540_90/alnatura_bio_hafer.jpg
2432,Lebensmittel,Beilagen,Samen-Saaten,Alnatura Bio Flohsamen Schalen 200 g,"6,49 €","32,45 €/kg","inkl. MwSt., zzgl. 4.95 € Versandkosten.",lieferbar innerhalb von 2-5 Werktagen,2023-05-03 01:14:17.384447,-,Hinweis zur Aufbewahrung: Bitte trocken lagern und vor Wärme schützen.,"Verantwortliches Lebensmittelunternehmen:
Alnatura Produktions- und Handels GmbH, Mahatma-Gandhi-Str. 7, 64295 Darmstadt","Zutatenverzeichnis: Flohsamenschalen* *aus biologischer Landwirtschaft. Kann Spuren von GLUTEN, MANDEL, NÜSSEN, SESAM und LUPINE enthalten.",901,222,"0,7","0,2",12,"0,5","2,3","0,15",https://www.edeka24.de/Lebensmittel/Beilagen/Samen-Saaten/Alnatura-Bio-Flohsamen-Schalen-200-g.html,https://www.edeka24.de/out/pictures/generated/product/1/540_540_90/bio_alnaflohsamenschalen_200g.jpg
2433,Lebensmittel,Beilagen,Samen-Saaten,Unverpackt Bio Demeter Kürbiskerne 300G,"7,00 €","23,33 €/kg","zzgl. 0,15 € Pfand","inkl. MwSt., zzgl. 4.95 € Versandkosten.",2023-05-03 01:14:20.421732,-,"Hinweis zur Aufbewahrung: Kühl, trocken und im Dunkeln lagern.","Verantwortliches Lebensmittelunternehmen:
Unverpackt Umgedacht GmbH, Ernst-Thälmann-Str. 99, 14532 Kleinmachnow",,2434,582,45,"9,1",12,"0,8",37,"0,2",https://www.edeka24.de/Lebensmittel/Beilagen/Samen-Saaten/Unverpackt-Bio-Demeter-Kuerbiskerne-300G.html,https://www.edeka24.de/out/pictures/generated/product/1/540_540_90/unverpacktkrbiskerne.jpg
2434,Lebensmittel,Beilagen,Samen-Saaten,Alnatura Bio Grünkern 500G,"3,29 €","6,58 €/kg","inkl. MwSt., zzgl. 4.95 € Versandkosten.",lieferbar innerhalb von 2-5 Werktagen,2023-05-03 01:14:23.568151,-,Hinweis zur Aufbewahrung: Bitte trocken lagern und vor Wärme schützen. Unter Schutzatmosphäre verpackt.,"Verantwortliches Lebensmittelunternehmen:
Alnatura GmbH, Mahatma-Gandhi-Straße 7, 64295 Darmstadt",Zutatenverzeichnis: GRÜNKERN* ¹ *aus biologischer Landwirtschaft ¹Grünkern ist eine Urweizenart . Kann Spuren von SOJA und SESAM enthalten.,1445,342,"2,7","0,3",63,"0,7",12,"0,01",https://www.edeka24.de/Lebensmittel/Beilagen/Samen-Saaten/Alnatura-Bio-Gruenkern-500G.html,https://www.edeka24.de/out/pictures/generated/product/1/540_540_90/4104420011908alnaturabiogrnkern.png
2435,Lebensmittel,Beilagen,Samen-Saaten,Alnatura Bio Rollgerste 500G,"2,69 €","5,38 €/kg","inkl. MwSt., zzgl. 4.95 € Versandkosten.",lieferbar innerhalb von 2-5 Werktagen,2023-05-03 01:14:26.828459,-,Hinweis zur Aufbewahrung: Bitte trocken lagern und vor Wärme schützen.,"Verantwortliches Lebensmittelunternehmen:
Alnatura GmbH, Darmstädter Str. 63, 64404 Bickenbach",Zutatenverzeichnis: GERSTE* *aus biologischer Landwirtschaft. Kann Spuren von SOJA und SESAM enthalten.,1466,346,"1,4","0,3",71,"3,4",10,"0,01",https://www.edeka24.de/Lebensmittel/Beilagen/Samen-Saaten/Alnatura-Bio-Rollgerste-500G.html,https://www.edeka24.de/out/pictures/generated/product/1/540_540_90/alnatura_bio_rollgerste.jpg
2436,Lebensmittel,Beilagen,Samen-Saaten,Schapfenmühle Leinsamen geschrotet 200G,"1,19 €","5,95 €/kg","inkl. MwSt., zzgl. 4.95 € Versandkosten.",lieferbar innerhalb von 2-5 Werktagen,2023-05-03 01:14:29.705484,Leinsamen geschrotet,,"Verantwortliches Lebensmittelunternehmen:
Schapfenmuehle GmbH & Co. KG, Franzenhauser Weg 21 89081 Ulm-Jungingen",,2118,514,"42,2","3,7","0,01","0,01","18,3","0,07",https://www.edeka24.de/Lebensmittel/Beilagen/Samen-Saaten/Schapfenmuehle-Leinsamen-geschrotet-200G.html,https://www.edeka24.de/out/pictures/generated/product/1/540_540_90/csm_schapfenmuehle_4000950072207_leinsamen_geschrotet_2016_09_12_5cm_rgb_089dd00147.jpg
2437,Lebensmittel,Beilagen,Samen-Saaten,Alnatura Bio 6-Korn-Mischung 1KG,"2,59 €","2,59 €/kg","inkl. MwSt., zzgl. 4.95 € Versandkosten.",lieferbar innerhalb von 2-5 Werktagen,2023-05-03 01:14:32.277730,Bio Getreidemischung,Hinweis zur Aufbewahrung: Bitte trocken lagern.,"Verantwortliches Lebensmittelunternehmen:
Alnatura GmbH, Darmstädter Str. 63, 64404 Bickenbach","Zutatenverzeichnis: WEIZEN* 36%, ROGGEN* 27%, DINKEL* 14%, GERSTE* 9%, HAFER* 9%, Hirse**(5%) *aus biodynamischem Landbau **aus biologischer Landwirtschaft.",1412,334,"2,5","0,5",61,1,"11,2","0,02",https://www.edeka24.de/Lebensmittel/Beilagen/Samen-Saaten/Alnatura-Bio-6-Korn-Mischung-1KG.html,https://www.edeka24.de/out/pictures/generated/product/1/540_540_90/alnatura_bio_6kornmischung(1).jpg
2438,Lebensmittel,Beilagen,Samen-Saaten,Seeberger Chia-Samen 250G,"4,99 €","19,96 €/kg","inkl. MwSt., zzgl. 4.95 € Versandkosten.",lieferbar innerhalb von 2-5 Werktagen,2023-05-03 01:14:35.207027,Chiasamen (Salvia hispanica),Hinweis zur Aufbewahrung: Vor Wärme und Feuchtigkeit geschützt aufbewahren.,"Verantwortliches Lebensmittelunternehmen:
Seeberger GmbH, Hand-Lorenser-Str. 36, 89079 Ulm","Zutatenverzeichnis: Chiasamen (Salvia hispanica). Kann Spuren von SCHALENFRÜCHTEN (z.B. NÜSSEN und STEINFRÜCHTEN), ERDNÜSSEN und SESAM enthalten.",1913,463,32,"3,9","8,1","0,5",22,"0,02",https://www.edeka24.de/Lebensmittel/Beilagen/Samen-Saaten/Seeberger-Chia-Samen-250G.html,https://www.edeka24.de/out/pictures/generated/product/1/540_540_90/seeberger_chiasamen_250g.jpg
2439,Lebensmittel,Beilagen,Samen-Saaten,Seeberger Leinsamen 250G,"1,49 €","5,96 €/kg","inkl. MwSt., zzgl. 4.95 € Versandkosten.",lieferbar innerhalb von 2-5 Werktagen,2023-05-03 01:14:38.168676,Leinsamen,Hinweis zur Aufbewahrung: Vor Wärme und Feuchtigkeit geschützt aufbewahren.,"Verantwortliches Lebensmittelunternehmen:
Seeberger GmbH, Hand-Lorenser-Str. 36, 89079 Ulm","Zutatenverzeichnis: Leinsamen. Kann Spuren von SCHALENFRÜCHTEN (z.B. NÜSSEN und STEINFRÜCHTEN), ERDNÜSSEN und SENF enthalten.",2240,543,45,"4,9","1,7","1,4",21,"0,13",https://www.edeka24.de/Lebensmittel/Beilagen/Samen-Saaten/Seeberger-Leinsamen-250G.html,https://www.edeka24.de/out/pictures/generated/product/1/540_540_90/seeberger_leinsamen_250g.jpg
2440,Lebensmittel,Beilagen,Samen-Saaten,Unverpackt Bio Quinoa 400G,"5,49 €","13,73 €/kg","zzgl. 0,15 € Pfand","inkl. MwSt., zzgl. 4.95 € Versandkosten.",2023-05-03 01:14:41.344247,-,"Hinweis zur Aufbewahrung: Kühl, trocken und im Dunkeln lagern.","Verantwortliches Lebensmittelunternehmen:
Unverpackt Umgedacht GmbH, Ernst-Thälmann-Str. 99, 14532 Kleinmachnow",,1417,339,"2,1","0,4",62,"0,5",13,"0,01",https://www.edeka24.de/Lebensmittel/Beilagen/Samen-Saaten/Unverpackt-Bio-Quinoa-400G.html,https://www.edeka24.de/out/pictures/generated/product/1/540_540_90/unverpacktquinoa.jpg
2441,Lebensmittel,Beilagen,Samen-Saaten,Alnatura Bio Roggen 1KG,"1,79 €","1,79 €/kg","inkl. MwSt., zzgl. 4.95 € Versandkosten.",lieferbar innerhalb von 2-5 Werktagen,2023-05-03 01:14:44.316801,-,Hinweis zur Aufbewahrung: Bitte trocken lagern und vor Wärme schützen.,"Verantwortliches Lebensmittelunternehmen:
Alnatura GmbH, Mahatma-Gandhi-Straße 7, 64295 Darmstadt","Zutatenverzeichnis: ROGGEN* *aus Demeter-Landbau . Kann spuren von SOJA, MILCH, MANDEL, NÜSSEN, SELLERIE und SESAM enthalten.",1372,325,"1,7","0,2",62,"1,1","8,4","0,01",https://www.edeka24.de/Lebensmittel/Beilagen/Samen-Saaten/Alnatura-Bio-Roggen-1KG.html,https://www.edeka24.de/out/pictures/generated/product/1/540_540_90/alnatura_bio_roggen.jpg
2442,Lebensmittel,Beilagen,Samen-Saaten,Mühlenliebe Grünkern ganz 400G,"2,39 €","5,98 €/kg","inkl. MwSt., zzgl. 4.95 € Versandkosten.",lieferbar innerhalb von 2-5 Werktagen,2023-05-03 01:14:46.922322,Grünkern ganz.,,"Verantwortliches Lebensmittelunternehmen:
Löffel Mühlen GmbH, Zur Mühle 5, 79112 FR-Waltershofen",,1358,324,"2,7","0,4","63,3","0,8","10,8","0,1",https://www.edeka24.de/Lebensmittel/Beilagen/Samen-Saaten/Muehlenliebe-Gruenkern-ganz-400G.html,https://www.edeka24.de/out/pictures/generated/product/1/540_540_90/mhlenliebegrnkern.png
2443,Lebensmittel,Beilagen,Samen-Saaten,Alnatura Bio Weizen 1KG,"1,79 €","1,79 €/kg","inkl. MwSt., zzgl. 4.95 € Versandkosten.",lieferbar innerhalb von 2-5 Werktagen,2023-05-03 01:14:49.459160,-,Hinweis zur Aufbewahrung: Bitte trocken lagern.,"Verantwortliches Lebensmittelunternehmen:
Alnatura Produktions- und Handels GmbH, Mahatma-Gandhi-Str. 7, 64295 Darmstadt","Zutatenverzeichnis: WEIZEN* *aus biologischer Landwirtschaft. Kann Spuren von SOJA, MILCH, MANDEL, NÜSSEN, SELLERIE und SESAM enthalten.",1378,326,"1,8","0,3",60,"0,7",11,"0,02",https://www.edeka24.de/Lebensmittel/Beilagen/Samen-Saaten/Alnatura-Bio-Weizen-1KG.html,https://www.edeka24.de/out/pictures/generated/product/1/540_540_90/bio_alnatura_weizen_1kg.jpg
2444,Lebensmittel,Beilagen,Samen-Saaten,Alnatura Bioland Dinkel 1KG,"2,69 €","2,69 €/kg","inkl. MwSt., zzgl. 4.95 € Versandkosten.",lieferbar innerhalb von 2-5 Werktagen,2023-05-03 01:14:53.110442,-,Hinweis zur Aufbewahrung: Bitte trocken lagern und vor Wärme schützen,"Verantwortliches Lebensmittelunternehmen:
Alnatura GmbH, Mahatma-Gandhi-Straße 7, 64295 Darmstadt","Zutatenverzeichnis: DINKEL*¹ *aus biologischer Landwirtschaft ¹Dinkel ist eine Urweizenart. Kann Spuren von SOJA, MILCH, MANDEL, NÜSSEN, SELLERIE und SESAM enthalten.",1489,352,"2,6","0,2",64,"1,2",14,"0,01",https://www.edeka24.de/Lebensmittel/Beilagen/Samen-Saaten/Alnatura-Bioland-Dinkel-1KG.html,https://www.edeka24.de/out/pictures/generated/product/1/540_540_90/alnatura_bio_dinkel_1_kg.jpg
2445,Lebensmittel,Beilagen,Bratlinge,Alnatura Bio Falafel 170G,"1,89 €","11,12 €/kg","inkl. MwSt., zzgl. 4.95 € Versandkosten.",lieferbar innerhalb von 2-5 Werktagen,2023-05-03 01:14:56.362473,Bio Trockenmischung mit Kichererbsenschrot zur Zubereitung von Falafeln.,Hinweis zur Aufbewahrung: Bitte trocken lagern und vor Wärme schützen.,"Verantwortliches Lebensmittelunternehmen:
Alnatura GmbH, Mahatma-Gandhi-Str. 7, 64295 Darmstadt","Zutatenverzeichnis: Kichererbsenschrot* 56 %, Kichererbsenmehl* 35 %, Zwiebeln*, Meersalz, Petersilie*, Koriander*, Kreuzkümmel*, Weißer Pfeffer*, Knoblauchpulver*. Kann Spuren von NÜSSEN und SESAM enthalten. *aus biologischer Landwirtschaft.",543,129,"2,3","0,4",17,"1,8","7,1","0,91",https://www.edeka24.de/Lebensmittel/Beilagen/Bratlinge/Alnatura-Bio-Falafel-170G.html,https://www.edeka24.de/out/pictures/generated/product/1/540_540_90/bio_alnatura_falafel_170g.jpg
2446,Lebensmittel,Beilagen,Bratlinge,EDEKA Bio My Veggie Falafelmischung 175G,"1,29 €","7,37 €/kg","inkl. MwSt., zzgl. 4.95 € Versandkosten.",lieferbar innerhalb von 2-5 Werktagen,2023-05-03 01:15:00.428401,Bio-Trockenmischung mit Kichererbsenschrot zur Zubereitung von Falafel-Bällchen,,"Verantwortliches Lebensmittelunternehmen:
EDEKA Zentrale Stiftung & Co. KG, 22291 Hamburg","Zutatenverzeichnis: 92% Kichererbsenschrot*, Zwiebeln*, Meersalz, Cumin*, Petersilie*, Koriander*, Pfeffer*, Knoblauch*, Sonnenblumenöl*. Das Produkt kann Spuren von GLUTEN, SOJA, MILCH, SESAM und SCHALENFRÜCHTEN enthalten. *aus kontrolliert ökologischer Landwirtschaft",1430,340,6,"0,9",43,"4,2",21,"3,3",https://www.edeka24.de/Lebensmittel/Beilagen/Bratlinge/EDEKA-Bio-My-Veggie-Falafelmischung-175G.html,https://www.edeka24.de/out/pictures/generated/product/1/540_540_90/bio_edeka_my_veggie_vegane_falafelmischung_175g.jpg
2447,Lebensmittel,Beilagen,Bratlinge,Alnatura Bio Gemüse Vollkorn Burger 210G,"2,49 €","11,86 €/kg","inkl. MwSt., zzgl. 4.95 € Versandkosten.",lieferbar innerhalb von 2-5 Werktagen,2023-05-03 01:15:03.803573,Bio Trockenmischung zur Zubereitung veganer Vollkorn Burger mit 17 % Gemüse,Hinweis zur Aufbewahrung: Bitte trocken lagern und vor Wärme schützen.,"Verantwortliches Lebensmittelunternehmen:
Alnatura GmbH, Mahatma-Gandhi-Straße 7, 64295 Darmstadt","Zutatenverzeichnis: HAFERVOLLKORNFLOCKEN* 24 %, DINKELVOLLKORNGRIEß*¹ 23 %, DINKELVOLLKORNFLOCKEN*¹ 16 %, Cornflakes* (Maismehl*, Rohrohrzucker*, Meersalz), Zwiebeln* 5,7 %, Lauch* 4,4 %, Karotten* 4,3 %, Sonnenblumenöl*, Meersalz, Tomatenpulver*, Zucchini*, Knoblauch*, Gewürze* (Pfeffer*, Macis*, Kurkuma*), Kräuter* (Liebstöckelblätter*, Oregano*) *aus biologischer Landwirtschaft ¹Dinkel ist eine Urweizenart . Kann Spuren von EI, SOJA, MILCH, SELLERIE und SENF enthalten.",698,166,"2,9","0,3",27,"3,3","5,6",1,https://www.edeka24.de/Lebensmittel/Beilagen/Bratlinge/Alnatura-Bio-Gemuese-Vollkorn-Burger-210G.html,https://www.edeka24.de/out/pictures/generated/product/1/540_540_90/alnatgemvollburg.jpg
2448,Lebensmittel,Beilagen,Bratlinge,Alnatura Bio Rote Linsen Burger 200G,"2,89 €","14,45 €/kg","inkl. MwSt., zzgl. 4.95 € Versandkosten.",lieferbar innerhalb von 2-5 Werktagen,2023-05-03 01:15:06.917201,Bio Trockenmischung mit 60% roten Linsen zur Zubereitung vegetarischer Burger mit orientalischer Würzung.,Hinweis zur Aufbewahrung: Bitte trocken lagern und vor Wärme schützen.,"Verantwortliches Lebensmittelunternehmen:
Alnatura Produktions- und Handels GmbH, Mahatma-Gandhi-Str. 7, 64295 Darmstadt","Zutatenverzeichnis: Rote Linsen* 60%, Reisvollkornmehl*, Kartoffeln*, Karotten*, Zucchini*, Meersalz, Sonnenblumenöl*, Paprika*, Lauch*, Petersilie*, Pfeffer*, Kurkuma*, Kreuzkümmel*, Paprikapulver*, Fenchelsamen*, Kümmel*, Koriandersamen* *aus biologischer Landwirtschaft . Kann Spuren von GLUTEN, EI, SOJA, MILCH, SELLERIE und SENF enthalten.",712,170,"4,9","0,6",18,"1,8","9,1","0,96",https://www.edeka24.de/Lebensmittel/Beilagen/Bratlinge/Alnatura-Bio-Rote-Linsen-Burger-200G.html,https://www.edeka24.de/out/pictures/generated/product/1/540_540_90/bio_alnatura_rote_linsen_burger_200g.jpg
2449,Lebensmittel,Beilagen,Bratlinge,Alnatura Bio BBQ Burger 180G,"3,19 €","17,72 €/kg","inkl. MwSt., zzgl. 4.95 € Versandkosten.",lieferbar innerhalb von 2-5 Werktagen,2023-05-03 01:15:10.578158,Bio Trocknemischung mit 32% Gemüse zur Zubereitung veganer Burger mit Rauchnote.,Hinweis zur Aufbewahrung: Bitte trocken lagern und vor Wärme schützen.,"Verantwortliches Lebensmittelunternehmen:
Alnatura GmbH, Mahatma-Gandhi-Str. 7, 64295 Darmstadt","Zutatenverzeichnis: VOLLKORNHAFERFLOCKEN* 38%, Kidneybohnen* 28%, VOLLKORNDINKELGRIEß*¹ 20%, Paprikapulver* geräuchert (Paprika*, Rauch), GRÜNKERNFLOCKEN*¹ 2,8%, Salz geräuchert (Salz, Rauch), Zwiebeln*, Gemüsepaprika*, Karotten*, Sonnenblumenöl*, Petersilie*, Knoblauch*. Pfeffer*, Oregano*, Bohnenkraut*, Paprika*, Cayennepfeffer*. Kann Spuren von EI, SOJA, MILCH, SELLERIE und SENF enthalten. *aus biologischer Landwirtschaft ¹Dinkel und Grünkern sind Urweizenarten.",846,202,"6,3","0,8",25,"1,4","7,9","1,1",https://www.edeka24.de/Lebensmittel/Beilagen/Bratlinge/Alnatura-Bio-BBQ-Burger-180G.html,https://www.edeka24.de/out/pictures/generated/product/1/540_540_90/bio_alnatura_bbq_burger_180g.jpg
2450,Lebensmittel,Beilagen,Bratlinge,Veganz Seitan-Basis 250G,"2,89 €","11,56 €/kg","inkl. MwSt., zzgl. 4.95 € Versandkosten.",lieferbar innerhalb von 2-5 Werktagen,2023-05-03 01:15:13.548274,Weizengluten,Hinweis zur Aufbewahrung: Trocken lagern und vor Wärme schützen.,"Verantwortliches Lebensmittelunternehmen:
Veganz Group AG, Warschauer Str. 32, 10243 Berlin","Zutatenverzeichnis: WEIZENGLUTEN. kann Spuren von SELLERIE, SOJA, EI, MILCH und SULFIT enthalten.",1685,399,"5,8","1,2","4,7","2,2",80,"0,13",https://www.edeka24.de/Lebensmittel/Beilagen/Bratlinge/Veganz-Seitan-Basis-250G.html,https://www.edeka24.de/out/pictures/generated/product/1/540_540_90/veganzseitan.jpg
2451,Lebensmittel,Beilagen,Bratlinge,Bauckhof Bio Curry-Kokos Falafel 160G,"2,79 €","17,44 €/kg","inkl. MwSt., zzgl. 4.95 € Versandkosten.",lieferbar innerhalb von 2-5 Werktagen,2023-05-03 01:15:16.397849,"Bio Curry-Kokos Falafel, glutenfrei",Hinweis zur Aufbewahrung: Bitte kühl und trocken lagern.,"Verantwortliches Lebensmittelunternehmen:
Bauck GmbH, Duhenweitz 4, 29571 Rosche","Zutatenverzeichnis: Kichererbsenschrot*, Kichererbsenmehl*, Kokosmehl* 13%, Kokosraspeln* 4%, Currypulver* 3,5% (Koriander*, Kurkuma*, Reismehl*, Bockshornklee*, Kumin*, Ingwer*, Nelken*), Meersalz, gefriergetrocknetes Bananengranulat* (Bananenpüree*), Zwiebelstücke*, Petersilie*, Knoblauchpulver*, Koriander*, Chilipulver*. Kann Spuren von SCHALENFRÜCHTEN/NÜSSEN und SESAM enthalten. *kontrolliert biologisch",1446,345,"8,3","3,9",40,"7,2",17,"2,5",https://www.edeka24.de/Lebensmittel/Beilagen/Bratlinge/Bauckhof-Bio-Curry-Kokos-Falafel-160G.html,https://www.edeka24.de/out/pictures/generated/product/1/540_540_90/bio_bauckhof_falafel_curry_kokos_glutenfrei_160g.jpg
2452,Lebensmittel,Beilagen,Hülsenfrüchte,Alnatura Bio Couscous 500G,"2,19 €","4,38 €/kg","inkl. MwSt., zzgl. 4.95 € Versandkosten.",lieferbar innerhalb von 2-5 Werktagen,2023-05-03 01:15:19.167762,-,Hinweis zur Aufbewahrung: Bitte trocken lagern und vor Wärme schützen.,"Verantwortliches Lebensmittelunternehmen:
Alnatura GmbH, Mahatma-Gandhi-Straße 7, 64295 Darmstadt",Zutatenverzeichnis: COUSCOUS (HARTWEIZENVOLLKORNGRIESS)* *aus biologischer Landwirtschaft .,1485,351,"2,4","0,5",66,"1,9",12,"0,0",https://www.edeka24.de/Lebensmittel/Beilagen/Huelsenfruechte/Alnatura-Bio-Couscous-500G.html,https://www.edeka24.de/out/pictures/generated/product/1/540_540_90/4104420018464-alnatura-couscous.jpg
2453,Lebensmittel,Beilagen,Hülsenfrüchte,Müller's Mühle Weiße Bohnen 500G,"2,69 €","5,38 €/kg","inkl. MwSt., zzgl. 4.95 € Versandkosten.",lieferbar innerhalb von 2-5 Werktagen,2023-05-03 01:15:21.829956,-,"Hinweis zur Aufbewahrung: Vor Wärme geschützt, trocken und dunkel lagern.","Verantwortliches Lebensmittelunternehmen:
Müller´s Mühle GmbH, Am Stadthafen 42-50, 45881 Gelsenkirchen",Zutatenverzeichnis: Monoprodukt - 100% Bohnen,1255,298,"1,6","0,3",39,"2,4",21,"0,01",https://www.edeka24.de/Lebensmittel/Beilagen/Huelsenfruechte/Mueller-s-Muehle-Weisse-Bohnen-500G.html,https://www.edeka24.de/out/pictures/generated/product/1/540_540_90/825084-mmweiebohnen500grgb.jpg
2454,Lebensmittel,Beilagen,Hülsenfrüchte,Alnatura Bio Rote Linsen 500G,"2,29 €","4,58 €/kg","inkl. MwSt., zzgl. 4.95 € Versandkosten.",lieferbar innerhalb von 2-5 Werktagen,2023-05-03 01:15:24.700323,Bio Rote Linsen,Hinweis zur Aufbewahrung: Bitte trocken lagern.,"Verantwortliches Lebensmittelunternehmen:
Alnatura GmbH, Darmstädter Str. 63, 64404 Bickenbach","Zutatenverzeichnis: Rote Linsen*, Sonnenblumenöl*. *aus biologischer Landwirtschaft.",1514,358,"2,3","0,5",54,"1,6",27,"0,02",https://www.edeka24.de/Lebensmittel/Beilagen/Huelsenfruechte/Alnatura-Bio-Rote-Linsen-500G.html,https://www.edeka24.de/out/pictures/generated/product/1/540_540_90/alnatura_bio_rote_linsen.jpg
2455,Lebensmittel,Beilagen,Hülsenfrüchte,Müller's Mühle grüne Schälerbsen 500G,"1,69 €","3,38 €/kg","inkl. MwSt., zzgl. 4.95 € Versandkosten.",lieferbar innerhalb von 2-5 Werktagen,2023-05-03 01:15:27.737665,halbe grüne Schälerbsen,"Hinweis zur Aufbewahrung: Vor Wärme geschützt, trocken und dunkel lagern.","Verantwortliches Lebensmittelunternehmen:
Müller´s Mühle GmbH, Am Stadthafen 42-50, 45881 Gelsenkirchen",,709,168,"0,8","0,2",26,"0,9",11,"0,01",https://www.edeka24.de/Lebensmittel/Beilagen/Huelsenfruechte/Mueller-s-Muehle-gruene-Schaelerbsen-500G.html,https://www.edeka24.de/out/pictures/generated/product/1/540_540_90/mmgrneschlerbsen.jpg
2456,Lebensmittel,Beilagen,Hülsenfrüchte,Müller's Mühle Teller Linsen 500G,"2,69 €","5,38 €/kg","inkl. MwSt., zzgl. 4.95 € Versandkosten.",lieferbar innerhalb von 2-5 Werktagen,2023-05-03 01:15:30.748631,-,"Hinweis zur Aufbewahrung: Vor Wärme geschützt, trocken und dunkel lagern.","Verantwortliches Lebensmittelunternehmen:
Müller´s Mühle GmbH, Am Stadthafen 42-50, 45881 Gelsenkirchen",,336,1420,"1,6","0,4",50,"1,1",23,"0,01",https://www.edeka24.de/Lebensmittel/Beilagen/Huelsenfruechte/Mueller-s-Muehle-Teller-Linsen-500G.html,https://www.edeka24.de/out/pictures/generated/product/1/540_540_90/mller039s_mhle_teller_linsen_500_g.jpg
2457,Lebensmittel,Beilagen,Hülsenfrüchte,EDEKA Bio Kichererbsen 500G,"1,75 €","3,50 €/kg","inkl. MwSt., zzgl. 4.95 € Versandkosten.",lieferbar innerhalb von 2-5 Werktagen,2023-05-03 01:15:33.702959,Kichererbsen mild-nussiger Geschmack,,"Verantwortliches Lebensmittelunternehmen:
EDEKA ZENTRALE Stiftung & Co. KG, D-22291 Hamburg",,1455,346,"6,4","1,2",48,"3,1",18,"0,1",https://www.edeka24.de/Lebensmittel/Beilagen/Huelsenfruechte/EDEKA-Bio-Kichererbsen-500G.html,https://www.edeka24.de/out/pictures/generated/product/1/540_540_90/bio_edeka_kichererbsen_500g.jpg
2458,Lebensmittel,Beilagen,Hülsenfrüchte,Alnatura Bio Berglinsen 500G,"2,69 €","5,38 €/kg","inkl. MwSt., zzgl. 4.95 € Versandkosten.",lieferbar innerhalb von 2-5 Werktagen,2023-05-03 01:15:36.160401,-,Hinweis zur Aufbewahrung: Bitte trocken lagern.,"Verantwortliches Lebensmittelunternehmen:
Alnatura Produktions- und Handels GmbH, Mahatma-Gandhi-Str. 7, 64295 Darmstadt","Zutatenverzeichnis: Berglinsen*. *aus biologischer Landwirtschaft. Kann Spuren von GLUTEN, ERDNUSS, MANDELN, NÜSSEN und SESAM enthalten.",1451,343,"1,7","0,4",51,"1,8",25,"0,03",https://www.edeka24.de/Lebensmittel/Beilagen/Huelsenfruechte/Alnatura-Bio-Berglinsen-500G.html,https://www.edeka24.de/out/pictures/generated/product/1/540_540_90/4104420010666-alnatura-bio-berglinsen.jpg
2459,Lebensmittel,Beilagen,Hülsenfrüchte,EDEKA Bio Rote Linsen geölt 500G,"1,75 €","3,50 €/kg","inkl. MwSt., zzgl. 4.95 € Versandkosten.",lieferbar innerhalb von 2-5 Werktagen,2023-05-03 01:15:38.881602,-,,"Verantwortliches Lebensmittelunternehmen:
EDEKA ZENTRALE Stiftung & Co. KG, D-22291 Hamburg","Zutatenverzeichnis: 99,75% Rote Linsen*, Sonnenblumenöl*. *aus kontrolliert ökologischer Landwirtschaft",1452,344,"1,5","0,3",50,"1,1",26,"0,01",https://www.edeka24.de/Lebensmittel/Beilagen/Huelsenfruechte/EDEKA-Bio-Rote-Linsen-geoelt-500G.html,https://www.edeka24.de/out/pictures/generated/product/1/540_540_90/bio_edeka_rote_linsen_500g.jpg
2460,Lebensmittel,Beilagen,Hülsenfrüchte,Alnatura Bio Beluga Linsen 500G,"3,29 €","6,58 €/kg","inkl. MwSt., zzgl. 4.95 € Versandkosten.",lieferbar innerhalb von 2-5 Werktagen,2023-05-03 01:15:41.812876,-,Hinweis zur Aufbewahrung: Bitte trocken lagern.,"Verantwortliches Lebensmittelunternehmen:
Alnatura Produktions- und Handels GmbH, Mahatma-Gandhi-Str. 7, 64295 Darmstadt","Zutatenverzeichnis: Beluga Linsen*. Kann Spuren von GLUTEN, ERDNUSS, SOJA, MANDEL, NÜSSEN und SESAM enthalten. *aus biologischer Landwirtschaft.",1283,304,"1,6",0,"40,6","1,1","23,4","0,02",https://www.edeka24.de/Lebensmittel/Beilagen/Huelsenfruechte/Alnatura-Bio-Beluga-Linsen-500G.html,https://www.edeka24.de/out/pictures/generated/product/1/540_540_90/alnatura_bio_beluga_linsen_500_g.jpg
2461,Lebensmittel,Beilagen,Hülsenfrüchte,EDEKA Bio Berglinsen 500G,"1,75 €","3,50 €/kg","inkl. MwSt., zzgl. 4.95 € Versandkosten.",lieferbar innerhalb von 2-5 Werktagen,2023-05-03 01:15:48.565069,"Berglinsen aromatisch-würziger Geschmack, ungeschält",,"Verantwortliches Lebensmittelunternehmen:
EDEKA ZENTRALE Stiftung & Co. KG, D-22291 Hamburg",,1429,338,"1,6","0,3",50,"1,7",24,"0,01",https://www.edeka24.de/Lebensmittel/Beilagen/Huelsenfruechte/EDEKA-Bio-Berglinsen-500G.html,https://www.edeka24.de/out/pictures/generated/product/1/540_540_90/bio_edeka_berglinsen_500g.jpg
2462,Lebensmittel,Beilagen,Hülsenfrüchte,Müller's Mühle Gelbe Schälerbsen 500G,"1,59 €","3,18 €/kg","inkl. MwSt., zzgl. 4.95 € Versandkosten.",lieferbar innerhalb von 2-5 Werktagen,2023-05-03 01:15:51.017712,Gelbe Schälerbsen,"Hinweis zur Aufbewahrung: Vor Wärme geschützt, trocken und dunkel lagern.","Verantwortliches Lebensmittelunternehmen:
Müller´s Mühle GmbH, Am Stadthafen 42-50, 45881 Gelsenkirchen",Zutatenverzeichnis: Monoprodukt - 100% Erbsen,322,1362,"1,6","0,3",50,"1,7",21,"0,01",https://www.edeka24.de/Lebensmittel/Beilagen/Huelsenfruechte/Mueller-s-Muehle-Gelbe-Schaelerbsen-500G.html,https://www.edeka24.de/out/pictures/generated/product/1/540_540_90/mm_gelbe_schaelerbsen_500g.jpg
2463,Lebensmittel,Beilagen,Hülsenfrüchte,Müller's Mühle Teller-Linsen 1KG,"4,29 €","4,29 €/kg","inkl. MwSt., zzgl. 4.95 € Versandkosten.",lieferbar innerhalb von 2-5 Werktagen,2023-05-03 01:15:54.838917,-,"Hinweis zur Aufbewahrung: Vor Wärme geschützt, trocken und dunkel lagern.","Verantwortliches Lebensmittelunternehmen:
Müller´s Mühle GmbH, Am Stadthafen 42-50, 45881 Gelsenkirchen",,336,1420,"1,6","0,4",50,"1,1",23,"0,01",https://www.edeka24.de/Lebensmittel/Beilagen/Huelsenfruechte/Mueller-s-Muehle-Teller-Linsen-1KG.html,https://www.edeka24.de/out/pictures/generated/product/1/540_540_90/4000286216986---mm-teller-linsen-1-kg_1200.jpg
2464,Lebensmittel,Beilagen,Hülsenfrüchte,Müller's Mühle Red Kidney Bohnen 500G,"2,49 €","4,98 €/kg","inkl. MwSt., zzgl. 4.95 € Versandkosten.",lieferbar innerhalb von 2-5 Werktagen,2023-05-03 01:15:58.034837,-,"Hinweis zur Aufbewahrung: Vor Wärme geschützt, trocken und dunkel lagern.","Verantwortliches Lebensmittelunternehmen:
Müller´s Mühle GmbH, Am Stadthafen 42-50, 45881 Gelsenkirchen",Zutatenverzeichnis: Monoprodukt - 100% Bohnen,1227,292,"1,5","0,5",38,"2,5",21,"0,01",https://www.edeka24.de/Lebensmittel/Beilagen/Huelsenfruechte/Mueller-s-Muehle-Red-Kidney-Bohnen-500G.html,https://www.edeka24.de/out/pictures/generated/product/1/540_540_90/mm_red_kidney_bohnen_500g.jpg
2465,Lebensmittel,Beilagen,Hülsenfrüchte,Alnatura Bio Grünkern 500G,"3,29 €","6,58 €/kg","inkl. MwSt., zzgl. 4.95 € Versandkosten.",lieferbar innerhalb von 2-5 Werktagen,2023-05-03 01:16:01.076033,-,Hinweis zur Aufbewahrung: Bitte trocken lagern und vor Wärme schützen. Unter Schutzatmosphäre verpackt.,"Verantwortliches Lebensmittelunternehmen:
Alnatura GmbH, Mahatma-Gandhi-Straße 7, 64295 Darmstadt",Zutatenverzeichnis: GRÜNKERN* ¹ *aus biologischer Landwirtschaft ¹Grünkern ist eine Urweizenart . Kann Spuren von SOJA und SESAM enthalten.,1445,342,"2,7","0,3",63,"0,7",12,"0,01",https://www.edeka24.de/Lebensmittel/Beilagen/Huelsenfruechte/Alnatura-Bio-Gruenkern-500G.html,https://www.edeka24.de/out/pictures/generated/product/1/540_540_90/4104420011908alnaturabiogrnkern.png
2466,Lebensmittel,Beilagen,Hülsenfrüchte,Alnatura Bio Kichererbsen 500G,"2,69 €","5,38 €/kg","inkl. MwSt., zzgl. 4.95 € Versandkosten.",lieferbar innerhalb von 2-5 Werktagen,2023-05-03 01:16:04.164354,-,Hinweis zur Aufbewahrung: Bitte trocken lagern.,"Verantwortliches Lebensmittelunternehmen:
Alnatura Produktions- und Handels GmbH, Mahatma-Gandhi-Str. 7, 64295 Darmstadt","Zutatenverzeichnis: Kichererbsen*. Kann Spuren von GLUTEN, ERDNÜSSEN, SOJA, MANDEL, NÜSSEN und SESAM enthalten. *aus biologischer Landwirtschaft.",1417,337,"5,9","0,01",44,"2,4",19,"0,01",https://www.edeka24.de/Lebensmittel/Beilagen/Huelsenfruechte/Alnatura-Bio-Kichererbsen-500G.html,https://www.edeka24.de/out/pictures/generated/product/1/540_540_90/4104420022683-alnatura-bio-kichererbsen-getrocknet.jpg
2467,Lebensmittel,Beilagen,Hülsenfrüchte,Müller's Mühle Wachtel Bohnen 500G,"2,69 €","5,38 €/kg","inkl. MwSt., zzgl. 4.95 € Versandkosten.",lieferbar innerhalb von 2-5 Werktagen,2023-05-03 01:16:07.061570,-,"Hinweis zur Aufbewahrung: Vor Wärme geschützt, trocken und dunkel lagern.","Verantwortliches Lebensmittelunternehmen:
Müller´s Mühle GmbH, Am Stadthafen 42-50, 45881 Gelsenkirchen",Zutatenverzeichnis: Monoprodukt - 100% Bohnen,1253,298,"1,5","0,4",41,"2,6",20,"0,01",https://www.edeka24.de/Lebensmittel/Beilagen/Huelsenfruechte/Mueller-s-Muehle-Wachtel-Bohnen-500G.html,https://www.edeka24.de/out/pictures/generated/product/1/540_540_90/mm_wachtelbohnen_500g.jpg
2468,Lebensmittel,Beilagen,Hülsenfrüchte,Müller's Mühle Pardina Linsen 500G,"2,69 €","5,38 €/kg","inkl. MwSt., zzgl. 4.95 € Versandkosten.",lieferbar innerhalb von 2-5 Werktagen,2023-05-03 01:16:09.628102,Pardina Linsen,"Hinweis zur Aufbewahrung: Vor Wärme geschützt, trocken und dunkel lagern.","Verantwortliches Lebensmittelunternehmen:
Müller´s Mühle GmbH, Am Stadthafen 42-50, 45881 Gelsenkirchen",,1417,336,"1,5","0,4",50,"1,3",23,"0,01",https://www.edeka24.de/Lebensmittel/Beilagen/Huelsenfruechte/Mueller-s-Muehle-Pardina-Linsen-500G.html,https://www.edeka24.de/out/pictures/generated/product/1/540_540_90/mller039s_mhle_pardina_linsen.jpg
2469,Lebensmittel,Beilagen,Hülsenfrüchte,Müller's Mühle Rote Linsen 500G,"2,69 €","5,38 €/kg","inkl. MwSt., zzgl. 4.95 € Versandkosten.",lieferbar innerhalb von 2-5 Werktagen,2023-05-03 01:16:12.377906,-,"Hinweis zur Aufbewahrung: Vor Wärme geschützt, trocken und dunkel lagern.","Verantwortliches Lebensmittelunternehmen:
Müller´s Mühle GmbH, Am Stadthafen 42-50, 45881 Gelsenkirchen",,1423,337,"1,4","0,3",49,"1,2",26,"0,01",https://www.edeka24.de/Lebensmittel/Beilagen/Huelsenfruechte/Mueller-s-Muehle-Rote-Linsen-500G.html,https://www.edeka24.de/out/pictures/generated/product/1/540_540_90/4000286221126---mm-rote-linsen-500g_1200.jpg
2471,Lebensmittel,Beilagen,Knödel-Kartoffelprodukte,Pfanni Kartoffel Püree das Lockere 3x80G,"1,79 €","7,46 €/kg","inkl. MwSt., zzgl. 4.95 € Versandkosten.",lieferbar innerhalb von 2-5 Werktagen,2023-05-03 01:16:18.388100,Kartoffel Püree aus gekochten Kartoffeln,Hinweis zur Aufbewahrung: Nach Öffnung ist der Packungsinhalt im wieder verschlossenen Beutel kühl und trocken mindestens 3 Wochen haltbar.,"Verantwortliches Lebensmittelunternehmen:
Unilever Deutschland, Postfach 570 307, 22772 Hamburg","Zutatenverzeichnis: 99% Kartoffeln², Emulgator Mono- und Diglyceride von Speisefettsäuren, Stabilisator Diphosphat, Aromen, Antioxidationsmittel NATRIUMMETABISULFIT. ²aus nachhaltigem Anbau Kann Spuren von GLUTEN, MILCH, EI und SELLERIE enthalten.",257,61,"1,2","0,6",10,"1,7","2,1","0,4",https://www.edeka24.de/Lebensmittel/Beilagen/Knoedel-Kartoffelprodukte/Pfanni-Kartoffel-Pueree-das-Lockere-3x80G.html,https://www.edeka24.de/out/pictures/generated/product/1/540_540_90/pfanni_kartoffel_pree_das_lockere_3x_80g.jpg
2472,Lebensmittel,Beilagen,Knödel-Kartoffelprodukte,Pfanni Kartoffelknödel halb & halb 6 Stück 200G,"1,49 €","7,45 €/kg","inkl. MwSt., zzgl. 4.95 € Versandkosten.",lieferbar innerhalb von 2-5 Werktagen,2023-05-03 01:16:21.456342,Kartoffel Knödel aus blanchierten und gekochten Kartoffeln im Kochbeutel,Hinweis zur Aufbewahrung: Die in der Packung verbleibenden Knödel sind im gut verschlossenen Folienbeutel mindestens 8 Wochen haltbar.,"Verantwortliches Lebensmittelunternehmen:
Unilever Deutschland Holding GmbH, Am Strandkai 1 , D-20457 Hamburg","Zutatenverzeichnis: 82% Kartoffeln, Stärke, HARTWEIZENGRIESS, Speisesalz, Palmöl, MILCHZUCKER, Aromen, Emulgator Mono- und Diglyceride von Speisefettsäuren, MILCHEIWEISS, Stabilisator Diphosphat, Zwiebeln, Antioxidationsmittel NATRIUMMETABISULFIT, Hefeextrakt, Zucker, Gewürze (Curcuma, SELLERIESAMEN). Kann Spuren von EI enthalten.",120,490,"0,7","0,4",23,"0,4",2,"0,93",https://www.edeka24.de/Lebensmittel/Beilagen/Knoedel-Kartoffelprodukte/Pfanni-Kartoffelknoedel-halb-halb-6-Stueck-200G.html,https://www.edeka24.de/out/pictures/generated/product/1/540_540_90/pfanni_kartoffelkndel_halb_amp_halb_im_kochbeutel_fr_6_stk.jpg
2473,Lebensmittel,Beilagen,Knödel-Kartoffelprodukte,Grocholl Bratkartoffeln mit Schinken & Zwiebeln 400G,"1,59 €","3,98 €/kg","inkl. MwSt., zzgl. 4.95 € Versandkosten.",lieferbar innerhalb von 2-5 Werktagen,2023-05-03 01:16:24.072019,Bratkartoffeln mit Schinken und Zwiebeln,Hinweis zur Aufbewahrung: Trocken lagern bei über + 10° C.,"Verantwortliches Lebensmittelunternehmen:
Ulrich Grocholl oHG, Dalitzer Weg 4 29459 Clenze","Zutatenverzeichnis: Kartoffeln (87%), Zwiebeln (6%), Schinken (Schweinefleisch, Speisesalz, Gewürze, Zucker, Dextrose, Konservierungsstoffe Natriumnitrit und Kaliumnitrat, Antioxidationsmittel Natriumascorbat, Buchenholzrauch) ( 3,5%), Rapsöl, Speisesalz, Gewürze, Würze, Raucharoma, Antioxidationsmittel NATRIUMMETABISULFIT",96,402,"3,2","0,5","13,5",1,"2,3","0,8",https://www.edeka24.de/Lebensmittel/Beilagen/Knoedel-Kartoffelprodukte/Grocholl-Bratkartoffeln-mit-Schinken-Zwiebeln-400G.html,https://www.edeka24.de/out/pictures/generated/product/1/540_540_90/grocholl_bratkartoffeln_mit_schinken_amp_zwiebeln_400g.jpg
2474,Lebensmittel,Beilagen,Knödel-Kartoffelprodukte,Grocholl Bratkartoffeln mit Zwiebeln 400G,"1,49 €","3,73 €/kg","inkl. MwSt., zzgl. 4.95 € Versandkosten.",lieferbar innerhalb von 2-5 Werktagen,2023-05-03 01:16:26.713858,-,Hinweis zur Aufbewahrung: Trocken lagern bei über + 10° C.,"Verantwortliches Lebensmittelunternehmen:
Ulrich Grocholl oHG, Dalitzer Weg 4 29459 Clenze","Zutatenverzeichnis: Kartoffeln (90%), Zwiebeln (6%), Rapsöl, Speisesalz, Gewürz, Antioxidationsmittel NATRIUMMETABISULFIT",372,88,"2,4","0,2","13,9","0,9","1,8","0,8",https://www.edeka24.de/Lebensmittel/Beilagen/Knoedel-Kartoffelprodukte/Grocholl-Bratkartoffeln-mit-Zwiebeln-400G.html,https://www.edeka24.de/out/pictures/generated/product/1/540_540_90/grocholl_bratkartoffeln_mit_zwiebeln_400g.jpg
2475,Lebensmittel,Beilagen,Knödel-Kartoffelprodukte,"Bernbacher Nockerlgrieß 3x 83,4G","1,39 €","5,56 €/kg","inkl. MwSt., zzgl. 4.95 € Versandkosten.",lieferbar innerhalb von 2-5 Werktagen,2023-05-03 01:16:30.182738,-,,"Verantwortliches Lebensmittelunternehmen:
Bernbacher, J. Bernbacher und Sohn GmbH und Co. KG, Lise-Meitner-Str. 5, D-85662 Hohenbrunn",Zutatenverzeichnis: HARTWEIZENGRIESS 100%,1430,337,"0,8","0,2",69,"0,4","11,5","0,005",https://www.edeka24.de/Lebensmittel/Beilagen/Knoedel-Kartoffelprodukte/Bernbacher-Nockerlgriess-3x-83-4G.html,https://www.edeka24.de/out/pictures/generated/product/1/540_540_90/bernbacher_nockerlgrie.jpg
2476,Lebensmittel,Beilagen,Knödel-Kartoffelprodukte,Alnatura Bio Kartoffel Püree locker & cremig 160G,"2,19 €","13,69 €/kg","inkl. MwSt., zzgl. 4.95 € Versandkosten.",lieferbar innerhalb von 2-5 Werktagen,2023-05-03 01:16:33.180714,Bio Trockenmischung zur Zubereitung von Kartoffelpüree,Hinweis zur Aufbewahrung: Bitte trocken lagern und vor Wärme schützen.,"Verantwortliches Lebensmittelunternehmen:
Alnatura GmbH, Darmstädter Str. 63, 64404 Bickenbach","Zutatenverzeichnis: Kartoffeln* 96%, Meersalz, Gewürze* (Zwiebelpulver*, Muskatnuss*, Knoblauch*, Liebstöckel*, Kurkuma*), Sonnenblumenöl* *aus biologischer Landwirtschaft . Kann Spuren von GLUTEN, EI, SOJA, MILCH, SELLERIE und SENF enthalten.",301,71,"1,6","0,6",11,"2,4","2,6","0,52",https://www.edeka24.de/Lebensmittel/Beilagen/Knoedel-Kartoffelprodukte/Alnatura-Bio-Kartoffel-Pueree-locker-cremig-160G.html,https://www.edeka24.de/out/pictures/generated/product/1/540_540_90/alnaturakartopr.jpg
2477,Lebensmittel,Beilagen,Knödel-Kartoffelprodukte,Maggi Semmel Knödel 6er im Kochbeutel 200G,"2,19 €","10,95 €/kg","inkl. MwSt., zzgl. 4.95 € Versandkosten.",lieferbar innerhalb von 2-5 Werktagen,2023-05-03 01:16:36.266844,"Lecker würzige Semmelknödel, aus typischen Zutaten wie Brot, Eiern und Gewürzen. Ob zum Festschmaus oder einfach zu deftigen Braten– eine passende Beilage für jedes Gericht ",Hinweis zur Aufbewahrung: Trocken lagern und vor Wärme schützen.,"Verantwortliches Lebensmittelunternehmen:
Maggi GmbH, 78221 Singen (Hohentwiel)","Zutatenverzeichnis: 87% Semmelbrösel (WEIZENMEHL, Salz, Hefe), Stärke, Palmfett, Jodsalz, Würze, VOLLEIPULVER, Zwiebeln, HÜHNEREI-EIWEIßPULVER, Gewürze, Petersilie, Verdickungsmittel Guarkernmehl, Salz. SPUREN: MILCH, SOJA, SELLERIE",1576,373,"4,8","1,7",68,"3,6",12,"3,1",https://www.edeka24.de/Lebensmittel/Beilagen/Knoedel-Kartoffelprodukte/Maggi-Semmel-Knoedel-6er-im-Kochbeutel-200G.html,https://www.edeka24.de/out/pictures/generated/product/1/540_540_90/maggi_semmel_kndel_6er_im_kochbeutel.jpg
2478,Lebensmittel,Beilagen,Knödel-Kartoffelprodukte,"Pfanni Kartoffel Püree Das Komplette 94,5G","1,39 €","14,63 €/kg","inkl. MwSt., zzgl. 4.95 € Versandkosten.",lieferbar innerhalb von 2-5 Werktagen,2023-05-03 01:16:38.892104,Kartoffel Püree aus gekochten Kartoffeln mit entrahmter Milch,Hinweis zur Aufbewahrung: Nach Öffnung ist der Packungsinhalt im wieder verschlossenen Beutel kühl und trocken mindestens 3 Wochen haltbar.,"Verantwortliches Lebensmittelunternehmen:
Unilever Deutschland Holding GmbH, Am Strandkai 1 , D-20457 Hamburg","Zutatenverzeichnis: 85% Kartoffeln, Palmöl, 4.3% MAGERMILCHPULVER, Speisesalz, MILCHZUCKER, MILCHEIWEISS, Emulgator Mono- und Diglyceride von Speisefettsäuren, Aromen. Kann Spuren von Gluten, Ei und Sellerie enthalten.",70,290,"1,5","0,7",11,1,2,"0,63",https://www.edeka24.de/Lebensmittel/Beilagen/Knoedel-Kartoffelprodukte/Pfanni-Kartoffel-Pueree-Das-Komplette-94-5G.html,https://www.edeka24.de/out/pictures/generated/product/1/540_540_90/pfannikartoffelpreemitentrahmtermilch.jpg
2479,Lebensmittel,Beilagen,Knödel-Kartoffelprodukte,Maggi Kartoffel Knödel Halb & Halb im Kochbeutel 200G,"2,49 €","12,45 €/kg","inkl. MwSt., zzgl. 4.95 € Versandkosten.",lieferbar innerhalb von 2-5 Werktagen,2023-05-03 01:16:41.521908,-,Hinweis zur Aufbewahrung: Trocken lagern und vor Wärme schützen.,"Verantwortliches Lebensmittelunternehmen:
Maggi GmbH, 78221 Singen (Hohentwiel)","Zutatenverzeichnis: Kartoffeln, Kartoffelstärke, modifizierte Stärke, Jodsalz, Emulgator Mono- und Diglyceride von Speisefettsäuren, Palmfett, Aromen, Säuerungsmittel Citronensäure, Antioxidationsmittel NATRIUMMETABISULFIT.",349,1478,"3,1","2,6",75,"1,1","3,5",3,https://www.edeka24.de/Lebensmittel/Beilagen/Knoedel-Kartoffelprodukte/Maggi-Kartoffel-Knoedel-Halb-Halb-im-Kochbeutel-200G.html,https://www.edeka24.de/out/pictures/generated/product/1/540_540_90/maggi_kartoffel_kndel_halb_amp_halb_im_kochbeutel.jpg
2480,Lebensmittel,Beilagen,Knödel-Kartoffelprodukte,Pfanni Semmel Knödel mit Räucherspeck im Kochbeutel - 6 Knödel 200G,"1,49 €","7,45 €/kg","inkl. MwSt., zzgl. 4.95 € Versandkosten.",lieferbar innerhalb von 2-5 Werktagen,2023-05-03 01:16:44.482014,Semmel Knödel aus Semmelbrot und Räucherspeck im Kochbeutel,,"Verantwortliches Lebensmittelunternehmen:
Unilever Deutschland Holding GmbH, Am Strandkai 1 , D-20457 Hamburg","Zutatenverzeichnis: 64% Semmelbrot (WEIZENMEHL, Speisesalz, Hefe, Sonnenblumenöl, Paprika), 10% geräucherter Speck (Schweinerückenspeck, Speisesalz, Rauch), WEIZENMEHL, Palmöl, VOLLEIPULVER, Stärke, EIKLARPULVER, MILCHEIWEISS, Speisesalz, MOLKENERZEUGNIS, Gewürze (Muskatnuss, Curcuma), Aromen, Raucharoma.",160,660,7,3,20,"0,4",4,"1,1",https://www.edeka24.de/Lebensmittel/Beilagen/Knoedel-Kartoffelprodukte/Pfanni-Semmel-Knoedel-mit-Raeucherspeck-im-Kochbeutel-6-Knoedel-200G.html,https://www.edeka24.de/out/pictures/generated/product/1/540_540_90/pfanni_semmel_kndel_mit_rucherspeck_im_kochbeutel_6_kndel.jpg
2481,Lebensmittel,Beilagen,Knödel-Kartoffelprodukte,Maggi Pures Püree 100% Kartoffel-Genuss 2x 60G,"1,69 €","14,08 €/kg","inkl. MwSt., zzgl. 4.95 € Versandkosten.",lieferbar innerhalb von 2-5 Werktagen,2023-05-03 01:16:47.628116,-,Hinweis zur Aufbewahrung: Trocken lagern und vor Wärme schützen.,"Verantwortliches Lebensmittelunternehmen:
Maggi GmbH, 78221 Singen (Hohentwiel)","Zutatenverzeichnis: Kartoffeln, Gewürzextrakt. SPUREN: EIER, SOJA, MILCH, SELLERIE, GLUTENHALTIGES GETREIDE, SENF",343,1452,"0,5","0,1",71,"3,2","8,6","0,0",https://www.edeka24.de/Lebensmittel/Beilagen/Knoedel-Kartoffelprodukte/Maggi-Pures-Pueree-100-Kartoffel-Genuss-2x-60G.html,https://www.edeka24.de/out/pictures/generated/product/1/540_540_90/maggi_pures_pree_100_kartoffelgenuss.jpg
2482,Lebensmittel,Beilagen,Knödel-Kartoffelprodukte,Leimer Semmel-Würfel Knödelbrot 250G,"2,19 €","8,76 €/kg","inkl. MwSt., zzgl. 4.95 € Versandkosten.",lieferbar innerhalb von 2-5 Werktagen,2023-05-03 01:16:50.599591,Semmelwürfel,Hinweis zur Aufbewahrung: Trocken lagern. Vor Licht schützen.,"Verantwortliches Lebensmittelunternehmen:
LEIMER KG, D-83278 Traunstein","Zutatenverzeichnis: WEIZENMEHL, Salz, Hefe. Pflanzlches Fett (Palm), Rapsöl",1555,367,3,"1,2","70,8","3,7","12,2","2,2",https://www.edeka24.de/Lebensmittel/Beilagen/Knoedel-Kartoffelprodukte/Leimer-Semmel-Wuerfel-Knoedelbrot-250G.html,https://www.edeka24.de/out/pictures/generated/product/1/540_540_90/leimer-semmelknoedel-brot-04000186046201.jpg
2483,Lebensmittel,Beilagen,Knödel-Kartoffelprodukte,Pfanni Kartoffel Klöße mit rohen Kartoffeln für 6 Stück 200G,"1,49 €","7,45 €/kg","inkl. MwSt., zzgl. 4.95 € Versandkosten.",lieferbar innerhalb von 2-5 Werktagen,2023-05-03 01:16:53.622131,"Kartoffel Klöße aus rohen, blanchierten und gekochten Kartoffeln im Kochbeutel",Hinweis zur Aufbewahrung: Die in der Packung verbleibenden Klöße sind im gut verschlossenen Folienbeutel mindestens 8 Wochen haltbar.,"Verantwortliches Lebensmittelunternehmen:
Unilever Deutschland Holding GmbH, Am Strandkai 1 , D-20457 Hamburg","Zutatenverzeichnis: 82% Kartoffeln, Stärke, Speisesalz, Palmöl, Emulgator Mono- und Diglyceride von Speisefettsäuren, MILCHZUCKER, Stabilisatoren (Diphosphat, Natriumcitrat), Antioxidationsmittel NATRIUMMETABISULFIT, Aromen (mit SELLERIE), Hefeextrakt, Zucker, Gewürze (Curcuma, SELLERIESAMEN). Kann Spuren von GLUTEN und EI enthalten.",460,110,"0,4","0,2",24,"0,7",2,"0,87",https://www.edeka24.de/Lebensmittel/Beilagen/Knoedel-Kartoffelprodukte/Pfanni-Kartoffel-Kloesse-mit-rohen-Kartoffeln-fuer-6-Stueck-200G.html,https://www.edeka24.de/out/pictures/generated/product/1/540_540_90/pfanni_kartoffel_kle_mit_rohen_kartoffeln_fr_6_stk(1).jpg
2484,Lebensmittel,Beilagen,Knödel-Kartoffelprodukte,Bio Gourmet Gnocchi 250G,"3,49 €","13,96 €/kg","inkl. MwSt., zzgl. 4.95 € Versandkosten.",lieferbar innerhalb von 2-5 Werktagen,2023-05-03 01:16:56.532073,"Kartoffel-Gnocchi, glutenfrei",Hinweis zur Aufbewahrung: Kühl und trocken lagern. Nach dem Öffnen im Kühlschrank lagern und innerhalb von 2 Tagen verzehren.,"Verantwortliches Lebensmittelunternehmen:
Bio Gourmet GmbH, 71729 Erdmannshausen","Zutatenverzeichnis: Kartoffelpüree* 60%(Wasser, Kartoffelflocken*), Maismehl*, Kartoffelstärke*, Maisstärke*, Salz, Säureregulator: Milchsäure. Mit Reismehl* bestäubt. *aus kontrolliert biologischem Anbau",579,137,"0,5","0,1",31,"0,5","1,8","1,4",https://www.edeka24.de/Lebensmittel/Beilagen/Knoedel-Kartoffelprodukte/Bio-Gourmet-Gnocchi-250G.html,https://www.edeka24.de/out/pictures/generated/product/1/540_540_90/bggnocchi.jpg
2485,Lebensmittel,Beilagen,Knödel-Kartoffelprodukte,Schär Gnocchi 300G,"3,49 €","11,63 €/kg","inkl. MwSt., zzgl. 4.95 € Versandkosten.",lieferbar innerhalb von 2-5 Werktagen,2023-05-03 01:16:59.279596,Glutenfreie Kartoffel Gnocchi. Speziell formuliert für Menschen mit Glutenunverträglichkeit.,Hinweis zur Aufbewahrung: Bei Raumtemperatur trocken lagern. Nach dem Öffnen im Kühlschrank aufbewahren und innerhalb von drei Tagen verbrauchen.,"Verantwortliches Lebensmittelunternehmen:
Dr. Schär AG/SPA, Winkelau 9, 39014 Burgstall/Postal (BZ) Italy","Zutatenverzeichnis: Rehydrierte Kartoffelflocken 85% (Wasser, Kartoffeln, Emulgator: Mono-und Diglyceride von Speisefettsäuren, Stabilisator: Dinatriumdiphosphat, Antioxidationsmittel: Ascorbyl-palmitat), Reismehl, Kartoffelstärke, Salz, Säureregulator: MILCHSÄURE, Konservierungsstoff: Sorbinsäure.",686,162,0,0,36,"0,9","3,1",1,https://www.edeka24.de/Lebensmittel/Beilagen/Knoedel-Kartoffelprodukte/Schaer-Gnocchi-300G.html,https://www.edeka24.de/out/pictures/generated/product/1/540_540_90/schr_gnocchi_300g.jpg
2486,Lebensmittel,Beilagen,Knödel-Kartoffelprodukte,Pfanni Kartoffel Knödel-Teig der Klassiker halb & halb für 12 Knödel 318G,"2,79 €","8,77 €/kg","inkl. MwSt., zzgl. 4.95 € Versandkosten.",lieferbar innerhalb von 2-5 Werktagen,2023-05-03 01:17:02.337591,Zubereitung für Teig für Kartoffel- Knödel aus blanchierten und gekochten Kartoffeln,,"Verantwortliches Lebensmittelunternehmen:
Unilever Deutschland Holding GmbH, Am Strandkai 1 , D-20457 Hamburg","Zutatenverzeichnis: 63% Kartoffeln¹, Stärke, Speisesalz, Aromen, Backtriebmittel Natriumhydrogencarbonat, Zwiebelpulver, Palmöl, Stabilisator Ascorbinsäure, Curcuma. ¹aus nachhaltigem Anbau. Kann Spuren von GLUTEN, MILCH, EI, SELLERIE und SENF enthalten.",400,96,"0,5","0,1",20,"0,5","1,7","0,8",https://www.edeka24.de/Lebensmittel/Beilagen/Knoedel-Kartoffelprodukte/Pfanni-Kartoffel-Knoedel-Teig-der-Klassiker-halb-halb-fuer-12-Knoedel-318G.html,https://www.edeka24.de/out/pictures/generated/product/1/540_540_90/pfanni_kartoffel_kndelteig_der_klassiker_halb_amp_halb_fr_12_kndel.jpg
2487,Lebensmittel,Beilagen,Knödel-Kartoffelprodukte,Alnatura Bio Kartoffelknödel halb & halb 225G,"2,69 €","11,96 €/kg","inkl. MwSt., zzgl. 4.95 € Versandkosten.",lieferbar innerhalb von 2-5 Werktagen,2023-05-03 01:17:05.476035,Bio Trockenmischung aus rohen und gekochten Kartoffeln zur Zubereitung von Kartoffelknödeln,Hinweis zur Aufbewahrung: Bitte trocken lagern und vor Wärme schützen.,"Verantwortliches Lebensmittelunternehmen:
Alnatura GmbH, Mahatma-Gandhi-Straße 7, 64295 Darmstadt","Zutatenverzeichnis: Kartoffeln*, Kartoffelstärke*, Meersalz, Zwiebel*, Muskatnuss*, Kurkuma*, Liebstöckelwurzel* *aus biologischer Landwirtschaft . Kann Spuren von GLUTEN, EI, SOJA, MILCH, SELLERIE und SENF enthalten.",448,106,"0,5","0,1",24,"0,5","1,5","1,1",https://www.edeka24.de/Lebensmittel/Beilagen/Knoedel-Kartoffelprodukte/Alnatura-Bio-Kartoffelknoedel-halb-halb-225G.html,https://www.edeka24.de/out/pictures/generated/product/1/540_540_90/bio_alnatura_kartoffelknamp246del_225g.jpg
2488,Lebensmittel,Beilagen,Knödel-Kartoffelprodukte,Leimer Bio-Semmelwürfel Knödelbrot 250G,"2,29 €","9,16 €/kg","inkl. MwSt., zzgl. 4.95 € Versandkosten.",lieferbar innerhalb von 2-5 Werktagen,2023-05-03 01:17:08.636630,Leimer Bio-Semmelwürfel,Hinweis zur Aufbewahrung: Trocken lagern. Vor Licht schützen.,"Verantwortliches Lebensmittelunternehmen:
Leimer KG, 83278 Traunstein","Zutatenverzeichnis: Bio-WEIZENMEHL, Salz, Hefe, Pflanzliches Bio-Fett (Palm), Bio-Sonnenblumenöl. Kann Spuren von MILCHPRODUKTEN und SELLERIE enthalten.",1545,365,"2,3","0,8","72,2","2,5","11,8","2,5",https://www.edeka24.de/Lebensmittel/Beilagen/Knoedel-Kartoffelprodukte/Leimer-Bio-Semmelwuerfel-Knoedelbrot-250G.html,https://www.edeka24.de/out/pictures/generated/product/1/540_540_90/bio_leimer_semmelwamp252rfel_knamp246delbrot_250g.jpg
2489,Lebensmittel,Konserven,Fischkonserven,Hawesta Heringsfilet Tomaten-Creme 200G,"1,99 €","9,95 €/kg","inkl. MwSt., zzgl. 4.95 € Versandkosten.",lieferbar innerhalb von 2-5 Werktagen,2023-05-03 01:17:11.339483,Heringsfilets in Tomaten-Creme,,"Verantwortliches Lebensmittelunternehmen:
Hawesta - Feinkost GmbH & Co. KG, 23568 Lübeck","Zutatenverzeichnis: HERINGSFILETS 60% (Clupea harengus), Wasser, Tomatenmark, Rapsöl, Zucker, Branntweinessig, Weinbranntweinessig, Speisesalz, SENF (Wasser, SENFSAATEN, Branntweinessig, Salz, Gewürze, natürliches Aroma), Verdickungsmittel: Guarkernmehl, Johannisbrotkernmehl; modifizierte Stärke, MILCHEIWEIß, Gewürze, Maltodextrin, Dextrose, Aromen (enthalten SELLERIE und SENF). Kann Spuren von GLUTEN, EI, SOJA und LAKTOSE enthalten.",887,214,17,2,"3,6",2,"11,5","0,5",https://www.edeka24.de/index.php?cl=details&anid=bfhpvpM3RJzhKolGWBzBEd-1&emcs0=3&emcs1=Kategorieseite%20-%20Topseller&emcs2=&emcs3=129283003,https://www.edeka24.de/out/pictures/generated/product/1/540_540_90/hawesta_heringsfilet_tomatencreme.jpg
2490,Lebensmittel,Konserven,Fischkonserven,Saupiquet Thunfisch Naturale ohne Öl 185G,"2,89 €","20,64 €/kg","inkl. MwSt., zzgl. 4.95 € Versandkosten.",lieferbar innerhalb von 2-5 Werktagen,2023-05-03 01:17:14.078582,Abtropfgewicht: 140g. Thunfisch-Stücke in Wasser,,"Verantwortliches Lebensmittelunternehmen:
Saupiquet D GmbH, Postfach 9307, 47750 Krefeld","Zutatenverzeichnis: THUNFISCH (Skipjack, Katsuwonus pelamis), Wasser, Salz.",410,97,"0,5","0,2","0,0","0,0",23,"1,3",https://www.edeka24.de/index.php?cl=details&anid=K89Do1yZQJzhKolGWBzBEd-1&emcs0=3&emcs1=Kategorieseite%20-%20Topseller&emcs2=&emcs3=131230002,https://www.edeka24.de/out/pictures/generated/product/1/540_540_90/saupiquetthunfischnaturale185g.jpg
2491,Lebensmittel,Konserven,Fischkonserven,Saupiquet Thunfischfilets Naturale ohne Öl 185G,"3,19 €","24,54 €/kg","inkl. MwSt., zzgl. 4.95 € Versandkosten.",lieferbar innerhalb von 2-5 Werktagen,2023-05-03 01:17:21.571027,Abtropfgewicht: 130g. Thunfisch-Filets im eigenen Saft - geschnitten.,,"Verantwortliches Lebensmittelunternehmen:
Saupiquet D GmbH, Postfach 9307, 47750 Krefeld","Zutatenverzeichnis: THUNFISCH (Skipjack, Katsuwonus pelamis), Wasser, Salz.","426,5","100,5","0,5","0,2",0,g,24,"1,3",https://www.edeka24.de/index.php?cl=details&anid=faaOlEOZQJzhKolGWBzBEd-1&emcs0=3&emcs1=Kategorieseite%20-%20Topseller&emcs2=&emcs3=131238006,https://www.edeka24.de/out/pictures/generated/product/1/540_540_90/saupiquetthunfisch-filetsnaturale185g.jpg
2492,Lebensmittel,Konserven,Fischkonserven,Gut & Günstig Thunfischsalat Mexican Style 160G,"1,69 €","10,56 €/kg","inkl. MwSt., zzgl. 4.95 € Versandkosten.",lieferbar innerhalb von 2-5 Werktagen,2023-05-03 01:17:24.337765,"Thunfischsalat mit Kidneybohnen, Mais und Roter Paprika","Hinweis zur Aufbewahrung: Trocken lagern. Nach dem Öffnen den Restinhalt der Dose in ein geeignetes Gefäß umfüllen, kühl lagern und alsbaldig verbrauchen.","Verantwortliches Lebensmittelunternehmen:
EDEKA ZENTRALE Stiftung & Co. KG, D-22291 Hamburg","Zutatenverzeichnis: 26% THUNFISCH, 22% Kidneybohnen, 20% Mais, Maiskeimöl, 6% Karotten, 6% rote Paprika, Wasser, Speisesalz, Chilipulver.Das Produkt kann Spuren von HÜHNEREI, GLUTEN, MILCH und SENF enthalten.",852,205,"12,6","1,8","9,5","1,4","11,3",1,https://www.edeka24.de/Lebensmittel/Konserven/Fischkonserven/Gut-Guenstig-Thunfischsalat-Mexican-Style-160G.html,https://www.edeka24.de/out/pictures/generated/product/1/540_540_90/msc_gutampampgamp220nstig_thunfischsalat_mexican_160g.jpg
2493,Lebensmittel,Konserven,Fischkonserven,Gut & Günstig Sardinen in Sonnenblumenöl mit Zitrone 125G,"1,09 €","8,72 €/kg","inkl. MwSt., zzgl. 4.95 € Versandkosten.",lieferbar innerhalb von 2-5 Werktagen,2023-05-03 01:17:27.014937,Sardinen ohne Haut und ohne Gräten in Sonnenblumenöl mit Zitrone,"Hinweis zur Aufbewahrung: Trocken lagern. Nach dem Öffnen den Restinhalt der Dose in ein geeignetes Gefäß umfüllen, kühl lagern und alsbaldig verbrauchen.","Verantwortliches Lebensmittelunternehmen:
EDEKA ZENTRALE Stiftung & Co. KG, D-22291 Hamburg","Zutatenverzeichnis: 75% SARDINEN, 22% Sonnenblumeöl, 2% Zitrone, Speisesalz.",881,211,"12,9","2,8","0,1",0,"23,6","0,7",https://www.edeka24.de/Lebensmittel/Konserven/Fischkonserven/Gut-Guenstig-Sardinen-in-Sonnenblumenoel-mit-Zitrone-125G.html,https://www.edeka24.de/out/pictures/generated/product/1/540_540_90/gutampampgamp220nstig_sardinen_in_amp214l_mit_zitrone_125g.jpg
2494,Lebensmittel,Konserven,Fischkonserven,Gut & Günstig Thunfischsalat Bulgur 160G,"1,69 €","10,56 €/kg","inkl. MwSt., zzgl. 4.95 € Versandkosten.",lieferbar innerhalb von 2-5 Werktagen,2023-05-03 01:17:29.556559,"Thunfischsalat mit Bulgur, Paprika, Kichererbsen & Tomaten","Hinweis zur Aufbewahrung: Trocken lagern. Nach dem Öffnen den Restinhalt der Dose in ein geeignetes umfüllen, kühl lagern und alsbaldig verbrauchen.","Verantwortliches Lebensmittelunternehmen:
EDEKA ZENTRALE Stiftung & Co. KG, D-22291 Hamburg","Zutatenverzeichnis: 25% THUNFISCH, Rapsöl, Wasser, 10% BULGUR (HARTWEIZEN), 9% rote Paprika, 8% Zwiebeln, 7% Karotten, 6% Kichererbsen, 6% Tomaten, 4,7% Erbsen, Zitronensaft, Speisesalz, Gewürze, Verdickungsmittel: Xanthan; Gewürzextrakt. Das Produkt kann Spuren von HÜHNEREI, MILCH und SENF enthalten.",782,188,"11,1","0,8","11,2","1,1","9,5","0,9",https://www.edeka24.de/Lebensmittel/Konserven/Fischkonserven/Gut-Guenstig-Thunfischsalat-Bulgur-160G.html,https://www.edeka24.de/out/pictures/generated/product/1/540_540_90/msc_gutampampgamp220nstig_thunfischsalat_bulgur_160g.jpg
2495,Lebensmittel,Konserven,Fischkonserven,EDEKA Thunfischfilets in eigenem Saft und Aufguss 185G,"2,69 €","20,69 €/kg","inkl. MwSt., zzgl. 4.95 € Versandkosten.",lieferbar innerhalb von 2-5 Werktagen,2023-05-03 01:17:32.351664,"Abtropfgewicht: 130g. Thunfischfilets, geschnitten, in eigenem Saft und Aufguss","Hinweis zur Aufbewahrung: Trocken lagern. Nach dem Öffnen den Restinhalt in ein geeignetes Gefäß umfüllen, kühl lagern und alsbaldig verbrauchen.","Verantwortliches Lebensmittelunternehmen:
EDEKA ZENTRALE Stiftung & Co. KG, D-22291 Hamburg","Zutatenverzeichnis: THUNFISCH, Wasser, Speisesalz.",461,109,"0,5",0,0,0,26,1,https://www.edeka24.de/Lebensmittel/Konserven/Fischkonserven/EDEKA-Thunfischfilets-in-eigenem-Saft-und-Aufguss-185G.html,https://www.edeka24.de/out/pictures/generated/product/1/540_540_90/msc_edeka_thunfischfilets_in_eigenem_saft_und_aufguss_185g.jpg
2496,Lebensmittel,Konserven,Fischkonserven,Rügen Fisch Kieler Sprotten 106G,"1,89 €","17,83 €/kg","inkl. MwSt., zzgl. 4.95 € Versandkosten.",lieferbar innerhalb von 2-5 Werktagen,2023-05-03 01:17:35.396007,"Kieler Sprotten, geräuchert, ohne Kopf, in Rapsöl und eigenem Saft",,"Verantwortliches Lebensmittelunternehmen:
Rügen Fisch AG, Straße der Jugend 10, 18546 Sassnitz","Zutatenverzeichnis: SPROTTEN (83%), Rapsöl, Speisesalz, Buchenholzrauch.",814,254,20,4,0,0,19,1,https://www.edeka24.de/Lebensmittel/Konserven/Fischkonserven/Ruegen-Fisch-Kieler-Sprotten-106G.html,https://www.edeka24.de/out/pictures/generated/product/1/540_540_90/rfkielersprotten.jpg
2497,Lebensmittel,Konserven,Fischkonserven,Hawesta Heringsfilet Tomaten-Creme 200G,"1,99 €","9,95 €/kg","inkl. MwSt., zzgl. 4.95 € Versandkosten.",lieferbar innerhalb von 2-5 Werktagen,2023-05-03 01:17:38.269466,Heringsfilets in Tomaten-Creme,,"Verantwortliches Lebensmittelunternehmen:
Hawesta - Feinkost GmbH & Co. KG, 23568 Lübeck","Zutatenverzeichnis: HERINGSFILETS 60% (Clupea harengus), Wasser, Tomatenmark, Rapsöl, Zucker, Branntweinessig, Weinbranntweinessig, Speisesalz, SENF (Wasser, SENFSAATEN, Branntweinessig, Salz, Gewürze, natürliches Aroma), Verdickungsmittel: Guarkernmehl, Johannisbrotkernmehl; modifizierte Stärke, MILCHEIWEIß, Gewürze, Maltodextrin, Dextrose, Aromen (enthalten SELLERIE und SENF). Kann Spuren von GLUTEN, EI, SOJA und LAKTOSE enthalten.",887,214,17,2,"3,6",2,"11,5","0,5",https://www.edeka24.de/Lebensmittel/Konserven/Fischkonserven/Hawesta-Heringsfilet-Tomaten-Creme-200G.html,https://www.edeka24.de/out/pictures/generated/product/1/540_540_90/hawesta_heringsfilet_tomatencreme.jpg
2498,Lebensmittel,Konserven,Fischkonserven,Appel Feuer-Röllchen 200G,"2,49 €","12,45 €/kg","inkl. MwSt., zzgl. 4.95 € Versandkosten.",lieferbar innerhalb von 2-5 Werktagen,2023-05-03 01:17:41.167631,Zerkleinerte Heringsfilets zu Röllchen geformt in scharfer Schaschlik-Sauce,,"Verantwortliches Lebensmittelunternehmen:
Appel Feinkost GmbH & Co. KG, Neufelder Schanze, 27472 Cuxhaven","Zutatenverzeichnis: HERINGSFILETS (Clupea harengus) (70%), Wasser, Tomatenmark, Zwiebeln, Rapsöl, Zucker, Branntweinessig, Gewürze (enthalten SENF), Mango Chutney (Zucker, Mango, Branntweinessig, Speisesalz, Gewürze), Speisesalz, modifizierte Stärke, MILCHEIWEIß, Verdickungsmittel (Guarkernmehl, Johannisbrotkernmehl, Natriumalginat), Würze, Gewürzextrakte, WEIZENMEHL, MAGERMILCHPULVER.",729,175,"11,2","2,1","5,8","5,6","11,7","1,1",https://www.edeka24.de/Lebensmittel/Konserven/Fischkonserven/Appel-Feuer-Roellchen-200G.html,https://www.edeka24.de/out/pictures/generated/product/1/540_540_90/appelfeuer-rllchen.jpg
2499,Lebensmittel,Konserven,Fischkonserven,Appel zarte Heringsfilets in Eier-Senf-Creme 200G,"2,49 €","12,45 €/kg","inkl. MwSt., zzgl. 4.95 € Versandkosten.",lieferbar innerhalb von 2-5 Werktagen,2023-05-03 01:17:43.945762,-,,"Verantwortliches Lebensmittelunternehmen:
Appel Feinkost GmbH & Co. KG, Neufelder Schanze, 27472 Cuxhaven","Zutatenverzeichnis: HERINGSFILETS (Clupea harengus) (60%), Wasser, SENF (12,4%) (Wasser, Branntweinessig, SENFSAATEN, Speisesalz, Zucker, Gewürze), Rapsöl, HÜHNEREIGELB (2,4%), Zucker, Branntweinessig, WEIZENSTÄRKE, Speisesalz, Gewürze, Verdickungsmittel Johannisbrotkernmehl.",214,887,"17,1","2,9","2,5","1,8","11,5","1,31",https://www.edeka24.de/Lebensmittel/Konserven/Fischkonserven/Appel-zarte-Heringsfilets-in-Eier-Senf-Creme-200G.html,https://www.edeka24.de/out/pictures/generated/product/1/540_540_90/appel_zarte_heringsfilets_in_eiersenfcreme_200g.jpg
2500,Lebensmittel,Konserven,Fischkonserven,Hawesta Bratheringe in fein-würziger Marinade 500G,"3,19 €","10,63 €/kg","inkl. MwSt., zzgl. 4.95 € Versandkosten.",lieferbar innerhalb von 2-5 Werktagen,2023-05-03 01:17:46.511561,Abtropfgewicht: 300g. Bratheringe in feingewürzter Marinade,,"Verantwortliches Lebensmittelunternehmen:
Hawesta - Feinkost GmbH & Co. KG, 23568 Lübeck","Zutatenverzeichnis: HERINGE (Clupea harengus), Wasser, Branntweinessig, Zucker, Zwiebeln, Speisesalz, Dextrose, Tomatenmark, gekörnte Brühe (Würze, Speisesalz, Sonnenblumenöl), Gewürzextrakt, Glukosesirup, WEIZENMEHL, Rapsöl, Säureregulator: Natriumcitrate.",212,882,"14,7","4,9","5,1","4,8","14,2","1,7",https://www.edeka24.de/Lebensmittel/Konserven/Fischkonserven/Hawesta-Bratheringe-in-fein-wuerziger-Marinade-500G.html,https://www.edeka24.de/out/pictures/generated/product/1/540_540_90/hawestabratheringe(1).jpg
2501,Lebensmittel,Konserven,Fischkonserven,Appel zarte Heringsfilets in Tomaten-Creme 200G,"2,49 €","12,45 €/kg","inkl. MwSt., zzgl. 4.95 € Versandkosten.",lieferbar innerhalb von 2-5 Werktagen,2023-05-03 01:17:49.565841,-,,"Verantwortliches Lebensmittelunternehmen:
Appel Feinkost GmbH & Co. KG, Neufelder Schanze, 27472 Cuxhaven","Zutatenverzeichnis: HERINGSFILETS (Clupea harengus) (60%), Tomatenmark (14%), Wasser, Rapsöl, Zucker, Branntweinessig, modifizierte Stärke, Speisesalz, Verdickungsmittel (Guarkernmehl, Johannisbrotkernmehl), Gewürze.",218,906,"16,1","2,7","5,2","4,5",12,"0,98",https://www.edeka24.de/Lebensmittel/Konserven/Fischkonserven/Appel-zarte-Heringsfilets-in-Tomaten-Creme-200G.html,https://www.edeka24.de/out/pictures/generated/product/1/540_540_90/appel_zarte_heringsfilets_in_tomatencreme_200g.jpg
2502,Lebensmittel,Konserven,Fischkonserven,EDEKA Thunfischfilets in Olivenöl 185G,"2,69 €","14,54 €/kg","inkl. MwSt., zzgl. 4.95 € Versandkosten.",lieferbar innerhalb von 2-5 Werktagen,2023-05-03 01:17:52.734815,"Thunfischfilets, geschnitten, in Olivenöl",Hinweis zur Aufbewahrung: Trocken lagern.,"Verantwortliches Lebensmittelunternehmen:
EDEKA ZENTRALE Stiftung & Co. KG, D-22291 Hamburg","Zutatenverzeichnis: 73% THUNFISCH, 26% Olivenöl, Speisesalz.",792,189,9,"1,5",0,0,27,1,https://www.edeka24.de/Lebensmittel/Konserven/Fischkonserven/EDEKA-Thunfischfilets-in-Olivenoel-185G.html,https://www.edeka24.de/out/pictures/generated/product/1/540_540_90/msc_ethunffilolivoel_185g.jpg
2503,Lebensmittel,Konserven,Fischkonserven,Edeka MSC Thunfischfilets in Olivenöl 2x 80G,"2,69 €","16,81 €/kg","inkl. MwSt., zzgl. 4.95 € Versandkosten.",lieferbar innerhalb von 2-5 Werktagen,2023-05-03 01:17:56.055942,"Thunfischfilets, geschnitten, in Olivenöl","Hinweis zur Aufbewahrung: Trocken lagern. Nach dem Öffnen den Restinhalt in ein geeignetes Gefäß umfüllen, kühl lagern und alsbaldig verbrauchen.","Verantwortliches Lebensmittelunternehmen:
EDEKA ZENTRALE Stiftung & Co. KG, D-22291 Hamburg","Zutatenverzeichnis: 70% THUNFISCH, 29% Olivenöl, Speisesalz.",792,189,9,"1,5",0,0,27,1,https://www.edeka24.de/Lebensmittel/Konserven/Fischkonserven/Edeka-MSC-Thunfischfilets-in-Olivenoel-2x-80G.html,https://www.edeka24.de/out/pictures/generated/product/1/540_540_90/msc_edeka_thunfischfilets_in_olivenamp246l_2x80g.jpg
2504,Lebensmittel,Konserven,Fischkonserven,EDEKA Thunfischfilets in Sonnenblumenöl 185G,"2,69 €","14,54 €/kg","inkl. MwSt., zzgl. 4.95 € Versandkosten.",lieferbar innerhalb von 2-5 Werktagen,2023-05-03 01:17:58.993668,"Thunfisch, geschnitten, in Sonnenblumenöl",Hinweis zur Aufbewahrung: Trocken lagern.,"Verantwortliches Lebensmittelunternehmen:
EDEKA ZENTRALE Stiftung & Co. KG, D-22291 Hamburg","Zutatenverzeichnis: 73% THUNFISCH, 26% Sonnenblumenöl, Speisesalz.",189,792,9,"1,5",0,0,27,1,https://www.edeka24.de/Lebensmittel/Konserven/Fischkonserven/EDEKA-Thunfischfilets-in-Sonnenblumenoel-185G.html,https://www.edeka24.de/out/pictures/generated/product/1/540_540_90/msc_ethunffilisboel_185g.jpg
2505,Lebensmittel,Konserven,Fischkonserven,MSC Appel Heringsfilets Harmonie Mango-Curry 200G,"2,49 €","12,45 €/kg","inkl. MwSt., zzgl. 4.95 € Versandkosten.",lieferbar innerhalb von 2-5 Werktagen,2023-05-03 01:18:01.474335,-,,"Verantwortliches Lebensmittelunternehmen:
Appel Feinkost GmbH & Co. KG., D27472 Cuxhaven","Zutatenverzeichnis: HERINGSFILETS (Clupea harengus) (60%), Wasser, Zucker, Ananas, Bambusstreifen, Rapsöl (3,6%), Mango Chutney (3%) (Zucker, Mango (1%), Branntweinessig, Speisesalz, Gewürze), Branntweinessig, Curry (enthält SELLERIE, SENF), modifizierte Stärke, Speisesalz, Verdickungsmittel (Guarkernmehl, Johannisbrotkernmehl), Gewürze.",797,191,"12,4","2,7","8,1","7,7","10,9","1,23",https://www.edeka24.de/Lebensmittel/Konserven/Fischkonserven/MSC-Appel-Heringsfilets-Harmonie-Mango-Curry-200G.html,https://www.edeka24.de/out/pictures/generated/product/1/540_540_90/msc_appel_heringsfilets_harmonie_mangocurry_200g.jpg
2506,Lebensmittel,Konserven,Fischkonserven,EDEKA Makrelenfilets gegrillt in Olivenöl 120G,"2,59 €","28,78 €/kg","inkl. MwSt., zzgl. 4.95 € Versandkosten.",lieferbar innerhalb von 2-5 Werktagen,2023-05-03 01:18:04.113180,"Abtropfgewicht 90G. Makrelenfilets gegrillt, in nativem Olivenöl extra","Hinweis zur Aufbewahrung: Trocken lagern. Nach dem Öffnen den Restinhalt der Dose in ein geeignetes Gefäß umfüllen, kühl lagern und alsbaldig verbrauchen.","Verantwortliches Lebensmittelunternehmen:
EDEKA ZENTRALE Stiftung & Co. KG, D-22291 Hamburg","Zutatenverzeichnis: 85% gegrillte MAKRELENFILETS, 15% natives Olivenöl extra.",1171,282,22,"4,9",0,0,21,"0,25",https://www.edeka24.de/Lebensmittel/Konserven/Fischkonserven/EDEKA-Makrelenfilets-gegrillt-in-Olivenoel-120G.html,https://www.edeka24.de/out/pictures/generated/product/1/540_540_90/edeka_gegrillte_makrelenfilets_in_nativem_olivenamp246l_extra_120g.jpg
2507,Lebensmittel,Konserven,Fischkonserven,Appel Muscheln in Tomaten-Sauce 100G,"2,19 €","21,90 €/kg","inkl. MwSt., zzgl. 4.95 € Versandkosten.",lieferbar innerhalb von 2-5 Werktagen,2023-05-03 01:18:07.455194,-,,"Verantwortliches Lebensmittelunternehmen:
Appel Feinkost GmbH & Co. KG, Neufelder Schanze, 27472 Cuxhaven","Zutatenverzeichnis: MUSCHELFLEISCH gekocht (Mytilus chilensis) (60%), Wasser, Tomatenmark (12%), Rapsöl, Zucker, Speisesalz, Branntweinessig, Stärke, Gewürze, Verdickungsmittel Guarkernmehl, Gewürzextrakt.",532,127,"5,8","0,6","7,1","4,7","10,4","1,43",https://www.edeka24.de/Lebensmittel/Konserven/Fischkonserven/Appel-Muscheln-in-Tomaten-Sauce-100G.html,https://www.edeka24.de/out/pictures/generated/product/1/540_540_90/appelmuschelntom.jpg
2508,Lebensmittel,Konserven,Fischkonserven,Appel zarte Heringsfilets in Paprika-Creme 200G,"2,49 €","12,45 €/kg","inkl. MwSt., zzgl. 4.95 € Versandkosten.",lieferbar innerhalb von 2-5 Werktagen,2023-05-03 01:18:10.387523,-,,"Verantwortliches Lebensmittelunternehmen:
Appel Feinkost GmbH & Co. KG, Neufelder Schanze, 27472 Cuxhaven","Zutatenverzeichnis: HERINGSFILETS (Clupea harengus) (60%), Wasser, Tomatenmark, Rapsöl, rote und grüne Paprikastücke (5%), Branntweinessig, Zucker, Gewürze, Speisesalz, MILCHEIWEIß, Stärke, Verdickungsmittel Johannisbrotkernmehl.",865,208,"16,1",3,"4,2","3,3","10,7","1,03",https://www.edeka24.de/Lebensmittel/Konserven/Fischkonserven/Appel-zarte-Heringsfilets-in-Paprika-Creme-200G.html,https://www.edeka24.de/out/pictures/generated/product/1/540_540_90/appel_zarte_heringsfilets_in_paprikacreme_200g.jpg
2509,Lebensmittel,Konserven,Fischkonserven,Hawesta Thunfisch Salat Mexico 160G,"3,19 €","19,94 €/kg","inkl. MwSt., zzgl. 4.95 € Versandkosten.",lieferbar innerhalb von 2-5 Werktagen,2023-05-03 01:18:13.498254,"Thunfischsalat mit roten Bohnen, Mais und feiner Chilinote",,"Verantwortliches Lebensmittelunternehmen:
Hawesta-Feinkost GmbH & Co. KG, Mecklenburger Straße 140-142, 23568 Lübeck","Zutatenverzeichnis: THUNFISCH (26 %), rote Bohnen (24 %), Mais (20 %), Maiskeimöl, rote und grüne Paprikawürfel, Wasser, Salz, Chiligewürzextrakt. Kann Spuren von SENF enthalten.",743,178,11,"1,6","8,4","1,6","9,8","0,9",https://www.edeka24.de/Lebensmittel/Konserven/Fischkonserven/Hawesta-Thunfisch-Salat-Mexico-160G.html,https://www.edeka24.de/out/pictures/generated/product/1/540_540_90/hawestatfsmexico.jpg
2510,Lebensmittel,Konserven,Fischkonserven,Hawesta Heringsbällchen Curry-Exotisch 200G,"2,69 €","13,45 €/kg","inkl. MwSt., zzgl. 4.95 € Versandkosten.",lieferbar innerhalb von 2-5 Werktagen,2023-05-03 01:18:16.683275,"Heringsfilets, zerkleinert und geformt, in exotisch-tomatiger Curry-Sauce",,"Verantwortliches Lebensmittelunternehmen:
Hawesta-Feinkost GmbH & Co. KG, Mecklenburger Straße 140-142, 23568 Lübeck","Zutatenverzeichnis: Heringsbällchen 50 % (HERING (Clupea harengus) 85 %, Paniermehl (WEIZEN), getrocknete Zwiebeln, HÜHNEREIWEIßPULVER, Pfeffer, MAGERMILCHPULVER), Wasser, Tomatenmark 7 %, Rapsöl, Zucker, Mango-Chutney (Zucker, Mango, Branntweinessig, Salz, Gewürze), Zwiebeln, Gewürze (enthalten SENF), Senf (Wasser, SENFSAATEN, Branntweinessig, Salz, Gewürze), Reisstärke, Branntweinessig, Verdickungsmittel: Guarkernmehl; gekörnte Brühe (Würze, Salz, Sonnenblumenöl), Salz, natürliches Aroma. Kann Spuren von SELLERIE enthalten.",828,199,12,"1,6",13,6,9,"1,1",https://www.edeka24.de/Lebensmittel/Konserven/Fischkonserven/Hawesta-Heringsbaellchen-Curry-Exotisch-200G.html,https://www.edeka24.de/out/pictures/generated/product/1/540_540_90/msc_hawesta_heringsbamp228llchen_curryexotisch_200g.jpg
2511,Lebensmittel,Konserven,Fischkonserven,Appel zarte Heringsfilets in Tomaten-Creme 100G,"1,79 €","17,90 €/kg","inkl. MwSt., zzgl. 4.95 € Versandkosten.",lieferbar innerhalb von 2-5 Werktagen,2023-05-03 01:18:19.784345,-,,"Verantwortliches Lebensmittelunternehmen:
Appel Feinkost GmbH & Co. KG, Neufelder Schanze, 27472 Cuxhaven","Zutatenverzeichnis: HERINGSFILETS (Clupea harengus) (60%), Tomatenmark (14%), Wasser, Rapsöl, Zucker, Branntweinessig, modifizierte Stärke, Speisesalz, Verdickungsmittel (Guarkernmehl, Johannisbrotkernmehl), Gewürze.",844,203,"14,5","2,3","5,5","4,5","11,6","0,78",https://www.edeka24.de/Lebensmittel/Konserven/Fischkonserven/Appel-zarte-Heringsfilets-in-Tomaten-Creme-100G.html,https://www.edeka24.de/out/pictures/generated/product/1/540_540_90/appelheringtom100.jpg
2512,Lebensmittel,Konserven,Fischkonserven,EDEKA Makrelenfilets gegrillt naturell 120G,"2,59 €","28,78 €/kg","inkl. MwSt., zzgl. 4.95 € Versandkosten.",lieferbar innerhalb von 2-5 Werktagen,2023-05-03 01:18:22.863428,"Abtropfgewicht 90G. Makrelefilets gegrillt, naturell","Hinweis zur Aufbewahrung: Trocken lagern. Nach dem Öffnen den Restinhalt der Dose in ein geeignetes Gefäß umfüllen, kühl lagern und alsbaldig verbrauchen.","Verantwortliches Lebensmittelunternehmen:
EDEKA ZENTRALE Stiftung & Co. KG, D-22291 Hamburg","Zutatenverzeichnis: 85% gegrillte MAKRELEN (98% MAKRELEN, Speisesalz, Gewürze), Wasser, Speisesalz. Das Produkt kann Spuren von MILCH und SENF enthalten.",1023,246,18,"4,6",0,0,21,"0,52",https://www.edeka24.de/Lebensmittel/Konserven/Fischkonserven/EDEKA-Makrelenfilets-gegrillt-naturell-120G.html,https://www.edeka24.de/out/pictures/generated/product/1/540_540_90/edeka_gegrillte_makrelenfilets_natur_120g.jpg
2513,Lebensmittel,Konserven,Fischkonserven,Hawesta Heringsfilet in Pfeffer-Creme 200G,"1,99 €","9,95 €/kg","inkl. MwSt., zzgl. 4.95 € Versandkosten.",lieferbar innerhalb von 2-5 Werktagen,2023-05-03 01:18:25.937569,Heringsfilets in Pfeffer-Creme,,"Verantwortliches Lebensmittelunternehmen:
Hawesta - Feinkost GmbH & Co. KG, Mecklenburger Straße 140-142, D-23568 Lübeck","Zutatenverzeichnis: HERINGSFILETS 60% (Clupea harengus), Wasser, Rapsöl, Tomatenmark, Zucker, Weinbranntweinessig, Mango-Chutney (Zucker, Mango, Salz, Essig, Gewürze), Gewürze (enthalten SELLERIE und SENF), Verdickungsmittel: Guarkernmehl, Johannisbrotkernmehl",894,215,17,2,"3,6",2,"11,5","0,5",https://www.edeka24.de/Lebensmittel/Konserven/Fischkonserven/Hawesta-Heringsfilet-in-Pfeffer-Creme-200G.html,https://www.edeka24.de/out/pictures/generated/product/1/540_540_90/hawesta_heringsfilet_in_pfeffercreme.jpg
2514,Lebensmittel,Konserven,Fischkonserven,Saupiquet Thunfisch Naturale ohne Öl 185G,"2,89 €","20,64 €/kg","inkl. MwSt., zzgl. 4.95 € Versandkosten.",lieferbar innerhalb von 2-5 Werktagen,2023-05-03 01:18:28.892364,Abtropfgewicht: 140g. Thunfisch-Stücke in Wasser,,"Verantwortliches Lebensmittelunternehmen:
Saupiquet D GmbH, Postfach 9307, 47750 Krefeld","Zutatenverzeichnis: THUNFISCH (Skipjack, Katsuwonus pelamis), Wasser, Salz.",410,97,"0,5","0,2","0,0","0,0",23,"1,3",https://www.edeka24.de/Lebensmittel/Konserven/Fischkonserven/Saupiquet-Thunfisch-Naturale-ohne-Oel-185G.html,https://www.edeka24.de/out/pictures/generated/product/1/540_540_90/saupiquetthunfischnaturale185g.jpg
2515,Lebensmittel,Konserven,Fischkonserven,Appel Zarte Sardinen Madeleine Rot 105G,"2,69 €","25,62 €/kg","inkl. MwSt., zzgl. 4.95 € Versandkosten.",lieferbar innerhalb von 2-5 Werktagen,2023-05-03 01:18:31.296389,Zarte Sardinenfilets ohne Haut in feinem Olivenöl,,"Verantwortliches Lebensmittelunternehmen:
Appel Feinkost GmbH & Co. KG, Neufelder Schanze, 27472 Cuxhaven","Zutatenverzeichnis: SARDINENFILETS (Sardina pilchardus) (76%), Olivenöl, Speisesalz.",253,1054,"17,3","3,5","0,4","0,3","23,8","1,46",https://www.edeka24.de/Lebensmittel/Konserven/Fischkonserven/Appel-Zarte-Sardinen-Madeleine-Rot-105G.html,https://www.edeka24.de/out/pictures/generated/product/1/540_540_90/appel-zarte-sardinen-madeleine-rot.jpg
2516,Lebensmittel,Konserven,Fischkonserven,Appel Zarte Filets vom Hering Sweet Chili 200G,"2,49 €","12,45 €/kg","inkl. MwSt., zzgl. 4.95 € Versandkosten.",lieferbar innerhalb von 2-5 Werktagen,2023-05-03 01:18:33.862236,Zarte Heringsfilets in Sweet Chili-Sauce mit asiatischem Gemüse,,"Verantwortliches Lebensmittelunternehmen:
Appel Feinkost GmbH & Co. KG, Neufelder Schanze, 27472 Cuxhaven","Zutatenverzeichnis: HERINGSFILETS (Clupea harengus) (60%), Wasser, Gemüse in veränderlichen Gewichtsanteilen (7,5%): Bambusstreifen und Mungbohnenkeimlinge; Zucker, Tomatenmark, Rapsöl, Branntweinessig, Sherry, Speisesalz, modifizierte Stärke, Sambal Oelek (rote Chilischoten, Speisesalz, Säuerungsmittel Essigsäure), Gewürze, Verdickungsmittel (Guarkernmehl, Johannisbrotkernmehl), Gewürzextrakte.",770,185,"11,7","2,8","8,6","6,4","10,3","1,64",https://www.edeka24.de/Lebensmittel/Konserven/Fischkonserven/Appel-Zarte-Filets-vom-Hering-Sweet-Chili-200G.html,https://www.edeka24.de/out/pictures/generated/product/1/540_540_90/msc_appel_heringsfilets_sweet_chili_200g.jpg
2517,Lebensmittel,Konserven,Fischkonserven,Appel zarte Heringsfilets in Pfeffer-Creme 200G,"2,49 €","12,45 €/kg","inkl. MwSt., zzgl. 4.95 € Versandkosten.",lieferbar innerhalb von 2-5 Werktagen,2023-05-03 01:18:36.802102,-,,"Verantwortliches Lebensmittelunternehmen:
Appel Feinkost GmbH & Co. KG, Neufelder Schanze, 27472 Cuxhaven","Zutatenverzeichnis: HERINGSFILETS (Clupea harengus) (60%), Wasser, Rapsöl, Tomatenmark, Branntweinessig, Zucker, Mango Chutney (Zucker, Mango, Branntweinessig, Speisesalz, Gewürze), Speisesalz, Gewürze (enthalten SENF), Stärke, Pfeffer, Verdickungsmittel Johannisbrotkernmehl, Dextrose.",219,910,"17,1",3,"4,2","3,8","11,1","1,08",https://www.edeka24.de/Lebensmittel/Konserven/Fischkonserven/Appel-zarte-Heringsfilets-in-Pfeffer-Creme-200G.html,https://www.edeka24.de/out/pictures/generated/product/1/540_540_90/msc_appel_heringpfeffcr200g.jpg
2518,Lebensmittel,Konserven,Fischkonserven,Appel Gourmet Makrelenfilets in Tomaten-Creme 200G,"2,89 €","14,45 €/kg","inkl. MwSt., zzgl. 4.95 € Versandkosten.",lieferbar innerhalb von 2-5 Werktagen,2023-05-03 01:18:39.899480,Gourmet Makrelenfilets in Tomaten-Creme verfeinert mit Basilikum,,"Verantwortliches Lebensmittelunternehmen:
Appel Feinkost GmbH & Co. KG, 27472 Cuxhaven","Zutatenverzeichnis: MAKRELENFILETS (60%), Tomatenmark (14%), Wasser, Rapsöl, Branntweinessig, Zucker, Speisesalz, Verdickungsmittel: Guarkernmehl; Basilikum (0,2%), Gewürzextrakte, Gewürze, modifizierte Stärke.",1090,263,"21,3","4,2",5,"4,5","11,6","0,97",https://www.edeka24.de/Lebensmittel/Konserven/Fischkonserven/Appel-Gourmet-Makrelenfilets-in-Tomaten-Creme-200G.html,https://www.edeka24.de/out/pictures/generated/product/1/540_540_90/appelgorumetmakreletomsau.jpg
2519,Lebensmittel,Konserven,Fischkonserven,Appel Zarte Heringsfilets Tomate Burgunder Art 200G,"2,49 €","12,45 €/kg","inkl. MwSt., zzgl. 4.95 € Versandkosten.",lieferbar innerhalb von 2-5 Werktagen,2023-05-03 01:18:42.977577,Zarte Heringsfilets in Tomaten-Creme mit Rotwein,,"Verantwortliches Lebensmittelunternehmen:
Appel Feinkost GmbH & Co. KG, Neufelder Schanze, 27472 Cuxhaven","Zutatenverzeichnis: HERINGSFILETS (Clupea harengus) (60%), Tomatenmark, Rapsöl, Wasser, Rotwein (5%), Zucker, Branntweinessig, SENF (Wasser, Branntweinessig, SENFSAATEN, Speisesalz, Zucker, Gewürze), Speisesalz, modifizierte Stärke, Verdickungsmittel Guarkernmehl, WEIZENSTÄRKE, Aroma, Gewürze.",916,221,17,"2,8","4,6","4,3","11,3","1,03",https://www.edeka24.de/Lebensmittel/Konserven/Fischkonserven/Appel-Zarte-Heringsfilets-Tomate-Burgunder-Art-200G.html,https://www.edeka24.de/out/pictures/generated/product/1/540_540_90/msc_appel_heringsfilets_tomate_burgunder_art_200g.jpg
2520,Lebensmittel,Konserven,Fischkonserven,Appel Muscheln in Salsa-Sauce 100G,"2,19 €","21,90 €/kg","inkl. MwSt., zzgl. 4.95 € Versandkosten.",lieferbar innerhalb von 2-5 Werktagen,2023-05-03 01:18:45.709163,-,,"Verantwortliches Lebensmittelunternehmen:
Appel Feinkost GmbH & Co. KG, Neufelder Schanze, 27472 Cuxhaven","Zutatenverzeichnis: MUSCHELFLEISCH gekocht (Mytilus chilensis) (60%), Wasser, Tomatenmark, Rapsöl, Mango Chutney (Zucker, Mango, Branntweinessig, Speisesalz, Gewürze), Branntweinessig, Zucker, Stärke, Gewürze, Speisesalz, Verdickungsmittel Guarkernmehl, Chili (0,2%), Gewürzextrakte, Dextrose.",624,149,"8,1","0,7","8,8",7,"9,2",1,https://www.edeka24.de/Lebensmittel/Konserven/Fischkonserven/Appel-Muscheln-in-Salsa-Sauce-100G.html,https://www.edeka24.de/out/pictures/generated/product/1/540_540_90/appelmuschelnsalsa.jpg
2521,Lebensmittel,Konserven,Fischkonserven,Unfished Plantuna California Salad 160G,"3,49 €","21,81 €/kg","inkl. MwSt., zzgl. 4.95 € Versandkosten.",lieferbar innerhalb von 2-5 Werktagen,2023-05-03 01:18:48.229753,Gemüsesalat mit veganem Erzeugnis auf Sojabasis nach Thunfisch-Art.,Hinweis zur Aufbewahrung: Kühl und trocken bei Temperaturen zwischen +4°C und +25°C lagern. Nach dem Öffnen im Kühlschrank aufbewahren und innerhalb von höchstens 24 Stunden verbrauchen.,"Verantwortliches Lebensmittelunternehmen:
Prefera Foods S.A., DN1 Km 392+600, Oiejdea, Jud. Alba, 517293 Romania","Zutatenverzeichnis: 60% Gemüse-Mix (süßer Mais, Erbsen, Möhren, rote Paprika, Zwiebel, schwarze Oliven, in unterschiedlichen Anteilen), 25% texturiertes SOJAEIWEIß (Wasser, SOJAEIWEIß, WEIZENGLUTEN, Salz, SOJAÖL, natürliche Aromen), Rapsöl, Zitronensaftkonzentrat, Aromen. Kann Spuren von: SELLERIE, SENF und SESAM enthalten.",700,168,11,"0,9","8,2","2,9",7,"1,5",https://www.edeka24.de/Lebensmittel/Konserven/Fischkonserven/Unfished-Plantuna-California-Salad-160G.html,https://www.edeka24.de/out/pictures/generated/product/1/540_540_90/unfishedcalisalad.jpg
2522,Lebensmittel,Konserven,Fischkonserven,Delicius Sardellenfilets in Olivenöl 46G,"3,79 €","151,60 €/kg","inkl. MwSt., zzgl. 4.95 € Versandkosten.",lieferbar innerhalb von 2-5 Werktagen,2023-05-03 01:18:50.784238,Abtropfgewicht 25G. Sardellenfilets in Olivenöl (46%),"Hinweis zur Aufbewahrung: Bitte bei Raumtemperatur lagern. Nach Öffnung, Sardellen mit Öl bedecken, im Kühlschrank aufbewahren und innerhalb von 7 Tagen aufbrauchen","Verantwortliches Lebensmittelunternehmen:
Delicius Rizzoli S.p.A., Via Micheli 2 43056 San Polo di Torrile Parma - Italien","Zutatenverzeichnis: Sardellen (53.5%), Olivenöl (46%), Salz (0.5%)",928,222,"11,8","2,3",0,0,"28,9","12,6",https://www.edeka24.de/Lebensmittel/Konserven/Fischkonserven/Delicius-Sardellenfilets-in-Olivenoel-46G.html,https://www.edeka24.de/out/pictures/generated/product/1/540_540_90/delicus_sardellenfilets_in_olivenl_46_g.jpg
2523,Lebensmittel,Konserven,Fischkonserven,Unfished Plantuna Mexican Salad 160G,"3,49 €","21,81 €/kg","inkl. MwSt., zzgl. 4.95 € Versandkosten.",lieferbar innerhalb von 2-5 Werktagen,2023-05-03 01:18:53.961365,Pikanter Gemüsesalat mit veganem Sojaerzeugnis nach Thunfisch-Art.,Hinweis zur Aufbewahrung: Kühl und trocken bei Temperaturen zwischen +4°C und +25°C lagern. Nach dem Öffnen im Kühlschrank aufbewahren und innerhalb von höchstens 24 Stunden verbrauchen.,"Verantwortliches Lebensmittelunternehmen:
Prefera Foods S.A., DN1 Km 392+600, Oiejdea, Jud. Alba, 517293 Romania","Zutatenverzeichnis: 60% Gemüse-Mix (rote Bohnen, süßer Mais, rote Paprika, Möhren, Zwiebel, in unterschiedlichen Anteilen), 25% texturiertes SOJAEIWEIß (Wasser, SOJAEIWEIß, WEIZENGLUTEN, Salz, SOJAÖL, natürliche Aromen), pflanzliches Rapsöl, Zitronensaftkonzentrat, Aromen, 0,6% Chilischoten. Kann Spuren von SELLERIE, SENF und SESAM enthalten.",748,179,10,"0,8",11,"2,5",9,"1,6",https://www.edeka24.de/Lebensmittel/Konserven/Fischkonserven/Unfished-Plantuna-Mexican-Salad-160G.html,https://www.edeka24.de/out/pictures/generated/product/1/540_540_90/unfishedmexicansalad.jpg
2524,Lebensmittel,Konserven,Fischkonserven,Appel zarte Heringsfilets Balkan Art 200G,"2,49 €","12,45 €/kg","inkl. MwSt., zzgl. 4.95 € Versandkosten.",lieferbar innerhalb von 2-5 Werktagen,2023-05-03 01:18:57.149981,-,,"Verantwortliches Lebensmittelunternehmen:
Appel Feinkost GmbH & Co. KG, Neufelder Schanze, 27472 Cuxhaven","Zutatenverzeichnis: HERINGSFILETS (Clupea harengus) (60%), Wasser, Gemüse in veränderlichen Gewichtsanteilen (7,5%): Gurken, Paprika, Zwiebeln, SELLERIE; Tomatenmark (7,5%), Rapsöl, Zucker, Branntweinessig, Speisesalz, modifizierte Stärke, Würze, Gewürze (enthalten SENF), Verdickungsmittel (Guarkernmehl, Johannisbrotkernmehl, Natriumalginat), Aroma, MAGERMILCHPULVER, Gewürzextrakt.",175,727,"12,7","3,1","3,3",3,11,"1,41",https://www.edeka24.de/Lebensmittel/Konserven/Fischkonserven/Appel-zarte-Heringsfilets-Balkan-Art-200G.html,https://www.edeka24.de/out/pictures/generated/product/1/540_540_90/msc_appel_heringsfilets_balkansauce_200g.jpg
2525,Lebensmittel,Konserven,Fischkonserven,Appel Zarte Filets vom Hering Balance Gemüse-Ingwer 200G,"2,49 €","12,45 €/kg","inkl. MwSt., zzgl. 4.95 € Versandkosten.",lieferbar innerhalb von 2-5 Werktagen,2023-05-03 01:19:00.342906,Zarte Heringsfilets in süß-saurer Gemüse-Sauce mit Ingwer,,"Verantwortliches Lebensmittelunternehmen:
Appel Feinkost GmbH & Co. KG, Neufelder Schanze, 27472 Cuxhaven","Zutatenverzeichnis: HERINGSFILETS (60%), Wasser, Gemüse in veränderlichen Gewichtsanteilen (7,5%) (roter Paprika, Bambusstreifen, Mungbohnenkeimlinge), Zucker, Tomatenmark, Rapsöl (4,8%), Branntweinessig, Mango Chutney (Zucker, Mango, Branntweinessig, Speisesalz, Gewürze), Gewürze (enthalten SENF), Speisesalz, modifizierte Stärke, Verdickungsmittel (Guarkernmehl, Johannisbrotkernmehl), Ingwer, Gewürzextrakte.",867,208,"14,1","2,9","8,4","8,1","10,8","1,1",https://www.edeka24.de/Lebensmittel/Konserven/Fischkonserven/Appel-Zarte-Filets-vom-Hering-Balance-Gemuese-Ingwer-200G.html,https://www.edeka24.de/out/pictures/generated/product/1/540_540_90/msc_appel_heringsfilets_wellness_balance_gemamp252seingwer_200g.jpg
2526,Lebensmittel,Konserven,Fischkonserven,MSC Appel Heringsfilets Leidenschaft Mango-Chili 200G,"2,49 €","12,45 €/kg","inkl. MwSt., zzgl. 4.95 € Versandkosten.",lieferbar innerhalb von 2-5 Werktagen,2023-05-03 01:19:03.185920,-,,"Verantwortliches Lebensmittelunternehmen:
Appel Feinkost GmbH & Co. KG., D27472 Cuxhaven","Zutatenverzeichnis: HERINGSFILETS (Clupea harengus) (60%), Wasser, Pfirsich, Bambusstreifen, Mango Chutney (3,7%) (Zucker, Mango (1,6%), Branntweinessig, Speisesalz, Gewürze), Rapsöl (3,7%), Tomatenmark, Zucker, Branntweinessig, modifizierte Stärke, Speisesalz, Gewürze (enthalten SENF), Chili, Verdickungsmittel (Guarkernmehl, Johannisbrotkernmehl).",883,212,"14,6","3,4","8,6","6,0","11,1","1,10",https://www.edeka24.de/Lebensmittel/Konserven/Fischkonserven/MSC-Appel-Heringsfilets-Leidenschaft-Mango-Chili-200G.html,https://www.edeka24.de/out/pictures/generated/product/1/540_540_90/msc_appel_heringsfilets_leidenschaft_mangochili_200g.jpg
2527,Lebensmittel,Konserven,Fischkonserven,Appel zarte Heringsfilets in Tomate-Mozzarella 200G,"2,49 €","12,45 €/kg","inkl. MwSt., zzgl. 4.95 € Versandkosten.",lieferbar innerhalb von 2-5 Werktagen,2023-05-03 01:19:05.662033,-,,"Verantwortliches Lebensmittelunternehmen:
Appel Feinkost GmbH & Co. KG, Neufelder Schanze, 27472 Cuxhaven","Zutatenverzeichnis: HERINGSFILETS (Clupea harengus) (60%), Wasser, Tomatenmark (10%), Rapsöl, Zucker, SAHNE, Branntweinessig, Stärke, Speisesalz, MOZZARELLAPULVER (0,4%), Gewürze, Verdickungsmittel Johannisbrotkernmehl, WEIZENMEHL, Basilikum, Säuerungsmittel Äpfelsäure, Gewürzextrakt.",805,194,"14,1","3,2","4,1",4,"11,6","1,18",https://www.edeka24.de/Lebensmittel/Konserven/Fischkonserven/Appel-zarte-Heringsfilets-in-Tomate-Mozzarella-200G.html,https://www.edeka24.de/out/pictures/generated/product/1/540_540_90/msc_appel_heringsfilets_tomatemozzarella_200g.jpg
2528,Lebensmittel,Konserven,Fischkonserven,"Hawesta Heringsfilets in Tomaten-Creme ""Heimische Gartenkräuter"" 200G","1,99 €","9,95 €/kg","inkl. MwSt., zzgl. 4.95 € Versandkosten.",lieferbar innerhalb von 2-5 Werktagen,2023-05-03 01:19:08.527013,Heringsfilets in Tomaten - Creme mit heimischen Gartenkräutern,,"Verantwortliches Lebensmittelunternehmen:
Hawesta - Feinkost GmbH & Co. KG, 23568 Lübeck","Zutatenverzeichnis: HERINGSFILETS 60% (Clupea harengus), Wasser, Tomatenmark, Rapsöl, Zucker, Branntweinessig, Weinbranntweinessig, SENF (Wasser, SENFSAATEN, Branntweinessig, Salz, Gewürze, natürliches Aroma), Speisesalz, Verdickungsmittel: Guarkernmehl, Johannisbrotkernmehl; modifizierte Stärke, Kräuter 0,3% (Petersilie, Dillspitzen, Kerbel, Schnittlauch, Kresse, Sauerampfer, Borretsch, Pimpinelle), MILCHEIWEIß, Gewürze, Maltodextrin, Dextrose, Aromen (enthalten SELLERIE). [Kann Spuren von Gluten, Ei, Soja und Laktose enthalten.]",236,977,"18,7","3,7","3,8",3,"12,9",1,https://www.edeka24.de/Lebensmittel/Konserven/Fischkonserven/Hawesta-Heringsfilets-in-Tomaten-Creme-Heimische-Gartenkraeuter-200G.html,https://www.edeka24.de/out/pictures/generated/product/1/540_540_90/hawestaheringsfilettomate-kruter.jpg
2529,Lebensmittel,Konserven,Fischkonserven,EDEKA Genussmomente Weißer Thun Filets in eigenem Saft und Aufguss 190G,"5,29 €","39,19 €/kg","inkl. MwSt., zzgl. 4.95 € Versandkosten.",lieferbar innerhalb von 2-5 Werktagen,2023-05-03 01:19:11.452147,"Abtropfgewicht 135G. Filets vom weißen Thun, geschnitten, in eigenem Saft und Aufguss.",Hinweis zur Aufbewahrung: Trocken lagern. Nach dem Öffnen kühl lagern und alsbaldig verbrauchen.,"Verantwortliches Lebensmittelunternehmen:
EDEKA ZENTRALE Stiftung & Co. KG, D-22291 Hamburg","Zutatenverzeichnis: 71% WEIẞER THUN, Wasser, Speisesalz.",574,136,"4,4","2,1",0,0,"24,2","0,6",https://www.edeka24.de/Lebensmittel/Konserven/Fischkonserven/EDEKA-Genussmomente-Weisser-Thun-Filets-in-eigenem-Saft-und-Aufguss-190G.html,https://www.edeka24.de/out/pictures/generated/product/1/540_540_90/edeka_genussmomente_msc_filets_vom_weien_thunfisch_in_eigenem_saft_190g.jpg
2530,Lebensmittel,Konserven,Fischkonserven,Appel Zarte Heringsfilets in sahniger Meerrettich-Creme 200G,"2,49 €","12,45 €/kg","inkl. MwSt., zzgl. 4.95 € Versandkosten.",lieferbar innerhalb von 2-5 Werktagen,2023-05-03 01:19:14.391834,Zarte Heringsfilets in sahniger Meerettich-Creme,,"Verantwortliches Lebensmittelunternehmen:
Appel Feinkost GmbH & Co. KG, 27472 Cuxhaven","Zutatenverzeichnis: HERINGSFILETS (60 %), Wasser, Rapsöl, Meerrettich (6 %) (Meerrettich, Wasser, Rapsöl, Säuerungsmittel: Citronensäure; Antioxidationsmittel: NATRIUMMETABISULFIT), SAHNE (2 %), Zucker, Branntweinessig, Stärke, Speisesalz, Senf (Wasser, Branntweinessig, SENFSAATEN, Speisesalz, Zucker, Gewürze), MILCHEIWEIß, Würze, Verdickungsmittel: Xanthan; Gewürze.",1010,243,"18,8","4,2","5,7","1,7","12,3","1,36",https://www.edeka24.de/Lebensmittel/Konserven/Fischkonserven/Appel-Zarte-Heringsfilets-in-sahniger-Meerrettich-Creme-200G-oxid.html,https://www.edeka24.de/out/pictures/generated/product/1/540_540_90/msc_appel_heringsfilets_in_sahniger_meerrettichcreme_200g.jpg
2532,Lebensmittel,Konserven,Fischkonserven,Followfish Thunfisch Filets in eigenem Saft 200G,"4,59 €","28,69 €/kg","inkl. MwSt., zzgl. 4.95 € Versandkosten.",lieferbar innerhalb von 2-5 Werktagen,2023-05-03 01:19:19.764219,Abtropfgewicht 160G. Thunfisch Filets in eigenem Saft,,"Verantwortliches Lebensmittelunternehmen:
Followfood GmbH, Metzstraße 2, 88045 Friedrichshafen.","Zutatenverzeichnis: THUNFISCH* 80%, Wasser, Meersalz. *Fair Trade Certified by Fair Trade USA",487,115,"0,7","0,2",1,"0,5",27,"0,37",https://www.edeka24.de/Lebensmittel/Konserven/Fischkonserven/Followfish-Thunfisch-Filets-in-eigenem-Saft-200G.html,https://www.edeka24.de/out/pictures/generated/product/1/540_540_90/msc_followfish_thunfisch_filets_natur_200g.jpg
2533,Lebensmittel,Konserven,Fischkonserven,EDEKA Genussmomente Weißer Thun Filets in Olivenöl 190G,"5,29 €","27,84 €/kg","inkl. MwSt., zzgl. 4.95 € Versandkosten.",lieferbar innerhalb von 2-5 Werktagen (geringer Lagerbestand),2023-05-03 01:19:22.752985,"Filets von weißen Thun, geschnitten, in Olivenöl",Hinweis zur Aufbewahrung: Trocken lagern. Nach dem Öffnen kühl lagern und alsbaldig verbrauchen.,"Verantwortliches Lebensmittelunternehmen:
EDEKA ZENTRALE Stiftung & Co. KG, D-22291 Hamburg","Zutatenverzeichnis: 71% WEißER THUN, 28% Olivenöl (bestehend aus 88% raffiniertem Olivenöl und 12% nativem Olivenöl extra), Speisesalz.",862,206,"10,8","1,8",0,0,"27,2","0,73",https://www.edeka24.de/Lebensmittel/Konserven/Fischkonserven/EDEKA-Genussmomente-Weisser-Thun-Filets-in-Olivenoel-190G.html,https://www.edeka24.de/out/pictures/generated/product/1/540_540_90/edeka_selection_weier_thun_filets_in_olivenl_190g.jpg
2534,Lebensmittel,Konserven,Fischkonserven,Saupiquet Thunfisch-Filets Naturale 112G,"2,99 €","26,70 €/kg","inkl. MwSt., zzgl. 4.95 € Versandkosten.",lieferbar innerhalb von 2-5 Werktagen,2023-05-03 01:19:25.905091,Thunfisch-Filets im eigenen Saft - geschnitten.,,"Verantwortliches Lebensmittelunternehmen:
Saupiquet D GmbH, Postfach 9307, 47750 Krefeld","Zutatenverzeichnis: THUNFISCH** 85%, Wasser, Salz, natürliche SELLERIE- und Zwiebelaromen. **Euthynnus (Katsuwonus) pelamis.",393,93,"0,5","0,2",0,0,22,"1,1",https://www.edeka24.de/Lebensmittel/Konserven/Fischkonserven/Saupiquet-Thunfisch-Filets-Naturale-112G.html,https://www.edeka24.de/out/pictures/generated/product/1/540_540_90/saupiquet_thunfischfilets_naturale_112g.jpg
2535,Lebensmittel,Konserven,Fischkonserven,Appel Zarte Heringsfilets Salsa-Picante 200G,"2,49 €","12,45 €/kg","inkl. MwSt., zzgl. 4.95 € Versandkosten.",lieferbar innerhalb von 2-5 Werktagen,2023-05-03 01:19:28.966521,Zarte Heringsfilets mit Gemüsebeilage in pikantem Tomaten-Cocktail,,"Verantwortliches Lebensmittelunternehmen:
Appel Feinkost GmbH & Co. KG, Neufelder Schanze, 27472 Cuxhaven","Zutatenverzeichnis: HERINGSFILETS (Clupea harengus) (55%), Wasser, Gemüsebeilage in veränderlichen Gewichtsanteilen (12,5%): Paprika, Mais, Jalapeno-Pfefferschoten; Tomatenmark, Rapsöl, Mango Chutney (Zucker, Mango, Branntweinessig, Speisesalz, Gewürze), Zucker, Gewürze, Speisesalz, SENF (Wasser, Branntweinessig, SENFSAAT, Speisesalz, Zucker, Gewürze), modifizierte Stärke, Verdickungsmittel Guarkernmehl, Gewürzextrakte, Karamellzuckersirup, SOJASAUCE (Wasser, SOJABOHNEN, WEIZEN, Speisesalz), Dextrose, Branntweinessig.",746,179,"12,2","2,7","5,2","4,1","11,3","1,28",https://www.edeka24.de/Lebensmittel/Konserven/Fischkonserven/Appel-Zarte-Heringsfilets-Salsa-Picante-200G.html,https://www.edeka24.de/out/pictures/generated/product/1/540_540_90/msc_appel_heringsfilets_salsapicante_200g.jpg
2536,Lebensmittel,Konserven,Fischkonserven,Saupiquet Thunfisch in Olivenöl 185G,"3,19 €","22,79 €/kg","inkl. MwSt., zzgl. 4.95 € Versandkosten.",lieferbar innerhalb von 2-5 Werktagen,2023-05-03 01:19:32.023923,Abtropfgewicht: 140g. Thunfisch-Stücke in Olivenöl,Hinweis zur Aufbewahrung: Mindestens haltbar bis: siehe Packung.,"Verantwortliches Lebensmittelunternehmen:
Saupiquet D GmbH, Postfach 9307, 47750 Krefeld","Zutatenverzeichnis: THUNFISCH (Skipjack, Katsuwonus pelamis), Olivenöl, Salz.",200,835,12,"2,2",0,0,23,"1,3",https://www.edeka24.de/Lebensmittel/Konserven/Fischkonserven/Saupiquet-Thunfisch-in-Olivenoel-185G.html,https://www.edeka24.de/out/pictures/generated/product/1/540_540_90/saupthunfstin_olivenoel185g.jpg
2537,Lebensmittel,Konserven,Fischkonserven,Saupiquet Thunfischfilets Naturale ohne Öl 185G,"3,19 €","24,54 €/kg","inkl. MwSt., zzgl. 4.95 € Versandkosten.",lieferbar innerhalb von 2-5 Werktagen,2023-05-03 01:19:34.670234,Abtropfgewicht: 130g. Thunfisch-Filets im eigenen Saft - geschnitten.,,"Verantwortliches Lebensmittelunternehmen:
Saupiquet D GmbH, Postfach 9307, 47750 Krefeld","Zutatenverzeichnis: THUNFISCH (Skipjack, Katsuwonus pelamis), Wasser, Salz.","426,5","100,5","0,5","0,2",0,g,24,"1,3",https://www.edeka24.de/Lebensmittel/Konserven/Fischkonserven/Saupiquet-Thunfischfilets-Naturale-ohne-Oel-185G.html,https://www.edeka24.de/out/pictures/generated/product/1/540_540_90/saupiquetthunfisch-filetsnaturale185g.jpg
2538,Lebensmittel,Konserven,Fleischkonserven,Streit Schaschlik 500G,"3,99 €","7,98 €/kg","inkl. MwSt., zzgl. 4.95 € Versandkosten.",lieferbar innerhalb von 2-5 Werktagen,2023-05-03 01:19:37.366816,-,,"Verantwortliches Lebensmittelunternehmen:
Streit Fleischwaren- und Konservenfabrik GmbH, Lerchenbergstr. 9 63791 Karlstein","Zutatenverzeichnis: Spieße: Schweinefleisch 85 g(34%), Zwiebeln, Schweinenieren 50 g(20%), Schweinespeck 40g (16%) Soße: Trinkwasser, Tomatenmark, Zwiebeln, Schaschlik-Gewürzzubereitung mit Geschmacksverstärker (Mononatriumglutamat), Speisesalz, modifizierte Maisstärke.",83,347,"3,9","2,1","2,9","1,4","8,2","0,9",https://www.edeka24.de/Lebensmittel/Konserven/Fleischkonserven/Streit-Schaschlik-500G.html,https://www.edeka24.de/out/pictures/generated/product/1/540_540_90/streit_schaschlik_3sp500g.jpg
2540,Lebensmittel,Konserven,Fleischkonserven,Müllers Schweinefleisch im eigenen Saft 400G,"3,49 €","8,73 €/kg","inkl. MwSt., zzgl. 4.95 € Versandkosten.",lieferbar innerhalb von 2-5 Werktagen,2023-05-03 01:19:43.171611,Schweinefleisch im eigenen Saft,Hinweis zur Aufbewahrung: Verschlossen bei Zimmertemperatur haltbar.,"Verantwortliches Lebensmittelunternehmen:
Müllers- Hausmacher Wurst GmbH & Co. KG, Uelzener Straße 16, D-29574 EBSTORF","Zutatenverzeichnis: Schweinefleisch (95%), Schweineschwarten, Speisesalz, Zwiebeln, Dextrose, Gewürze, Antioxidationsmittel: Natriumascorbat, Konservierungsstoff: Natriumnitrit",1217,294,25,10,"0,7","0,5",16,"1,5",https://www.edeka24.de/Lebensmittel/Konserven/Fleischkonserven/Muellers-Schweinefleisch-im-eigenen-Saft-400G.html,https://www.edeka24.de/out/pictures/generated/product/1/540_540_90/muellers_schwfliesaft_400g.jpg
2541,Lebensmittel,Konserven,Fleischkonserven,Tulip Corned Beef 340G,"4,99 €","14,68 €/kg","inkl. MwSt., zzgl. 4.95 € Versandkosten.",lieferbar innerhalb von 2-5 Werktagen,2023-05-03 01:19:47.027777,-,Hinweis zur Aufbewahrung: Nach dem Öffnen die Reste in ein verschließbares Behältnis füllen. Im Kühlschrank aufbewahren und innerhalb von 2 Tagen verzehren.,"Verantwortliches Lebensmittelunternehmen:
Danish Crown Foods Germany GmbH, 20251 Hamburg","Zutatenverzeichnis: Rindfleisch (97%), Salz, Zucker, Konservierungsstoff: Natriumnitrit.",983,235,15,5,1,1,24,"2,2",https://www.edeka24.de/Lebensmittel/Konserven/Fleischkonserven/Tulip-Corned-Beef-340G.html,https://www.edeka24.de/out/pictures/generated/product/1/540_540_90/tulip_corned_beef_340g.jpg
2542,Lebensmittel,Konserven,Fleischkonserven,Tulip Hähnchen Frühstückfleisch 340G,"3,79 €","11,15 €/kg","inkl. MwSt., zzgl. 4.95 € Versandkosten.",lieferbar innerhalb von 2-5 Werktagen,2023-05-03 01:19:50.185970,-,,"Verantwortliches Lebensmittelunternehmen:
Danish Crown Foods Germany GmbH, 20251 Hamburg","Zutatenverzeichnis: Hähnchenfleisch (80%), Hähnchenfett, Trinkwasser, Speisesalz, Hähnchenhaut, Stabilisator (Triphosphate), Gewürzextrakte, Konservierungsstoff (Natriumnitrit).",998,241,21,"6,2",0,0,13,"2,8",https://www.edeka24.de/Lebensmittel/Konserven/Fleischkonserven/Tulip-Haehnchen-Fruehstueckfleisch-340G.html,https://www.edeka24.de/out/pictures/generated/product/1/540_540_90/tulip_hamp228hnchen_framp252hstamp252ckfleisch_340g.jpg
2543,Lebensmittel,Konserven,Fleischkonserven,Pfälzer Spezialitäten Eisbeinfleisch 200G,"3,79 €","18,95 €/kg","inkl. MwSt., zzgl. 4.95 € Versandkosten.",lieferbar innerhalb von 2-5 Werktagen,2023-05-03 01:19:52.915174,-,Hinweis zur Aufbewahrung: Nicht über +25°C lagern.,"Verantwortliches Lebensmittelunternehmen:
Pfälzer Spezialitäten GmbH & Co.KG, In den Waldstücken 9, 76829 Landau in der Pfalz","Zutatenverzeichnis: 83 % Schweinevorderhaxen u. Schweinehinterhaxen mit Schwarte ohne Knochen, Trinkwasser, Nitritpökelsalz (Salz, Konservierungsstoff: E250), Gewürze, Stabilisator: E450; Speisesalz, Kümmel, Knoblauch. Kann Spuren von SENF und SELLERIE enthalten.",521,124,"4,7","1,8","0,9","0,4","19,5","1,6",https://www.edeka24.de/Lebensmittel/Konserven/Fleischkonserven/Pfaelzer-Spezialitaeten-Eisbeinfleisch-200G.html,https://www.edeka24.de/out/pictures/generated/product/1/540_540_90/pflzer_spezialitten_eisbeinfleisch_200g.jpg
2544,Lebensmittel,Konserven,Fleischkonserven,Meica Eisbeinfleisch grob zerkleinert in Aspik 200G,"3,99 €","19,95 €/kg","inkl. MwSt., zzgl. 4.95 € Versandkosten.",lieferbar innerhalb von 2-5 Werktagen,2023-05-03 01:19:55.852035,-,,"Verantwortliches Lebensmittelunternehmen:
Meica Ammerländische Fleischwarenfabrik Fritz Meinen GmbH & Co. KG, Meicastraße 6, 26188 Edewecht","Zutatenverzeichnis: Schweinefleisch 77 %, Trinkwasser, Schweinegelatine, Speisesalz, Konservierungsstoff: Natriumnitrit. Kann Spuren von SELLERIE und SENF enthalten.",454,108,4,"1,6",0,0,18,"1,6",https://www.edeka24.de/Lebensmittel/Konserven/Fleischkonserven/Meica-Eisbeinfleisch-grob-zerkleinert-in-Aspik-200G.html,https://www.edeka24.de/out/pictures/generated/product/1/540_540_90/meicaeisbein.jpg
2545,Lebensmittel,Konserven,Fleischkonserven,Meica Ragout Fin 400G,"5,49 €","13,73 €/kg","inkl. MwSt., zzgl. 4.95 € Versandkosten.",lieferbar innerhalb von 2-5 Werktagen,2023-05-03 01:19:59.097900,-,,"Verantwortliches Lebensmittelunternehmen:
Meica GmbH & Co. KG, Meicastraße 6, 26188 Edewecht","Zutatenverzeichnis: Trinkwasser, 30 % Putenfleisch, 12 % Kalbfleisch, Sonnenblumenöl (teilweise gehärtet), 2,6 % Champignons, Rapsöl, modifizierte Stärke, Hühnerfett, MILCHEIWEIß, MILCHZUCKERERZEUGNIS, Wein, Verdickungs-mittel: Guarkernmehl, SAHNE, Speisesalz, Stärke, Zucker, Gewürze (mit SELLERIE), Zitronensaftkonzentrat, Emulgator: Mono- und Diglyceride von Speisefettsäuren. Kann Spuren von GLUTEN, SOJA, SENF, enthalten.",140,583,10,"3,5","2,5","0,5",10,"1,5",https://www.edeka24.de/Lebensmittel/Konserven/Fleischkonserven/Meica-Ragout-Fin-400G.html,https://www.edeka24.de/out/pictures/generated/product/1/540_540_90/meica_ragout_fin_400g.jpg
2546,Lebensmittel,Konserven,Fleischkonserven,Heine's Ragout Fin 400G,"3,99 €","9,98 €/kg","inkl. MwSt., zzgl. 4.95 € Versandkosten.",lieferbar innerhalb von 2-5 Werktagen,2023-05-03 01:20:02.222870,"Mit Geflügel-, Kalbfleisch und Champignons, tafelfertig",,"Verantwortliches Lebensmittelunternehmen:
H. Redlefsen GmbH & Co. KG, Hans-Redlefsen-Str. 1, D-24986 Satrup","Zutatenverzeichnis: Trinkwasser, Hähnchenfleisch (18%), Kalbfleisch (15%), Putenfleisch (8%), Champignons (7%), modifizierte Stärke, SAHNE, Pflanzenfett, WEIZENMEHL, MILCHEIWEIß, EI, jodiertes Speisesalz, Gewürze, Gewürzextrakte (mit SENF, SELLERIE), Zitronensaft, DEXTROSE, Würze, Säurungsmittel: Citronensäure",558,134,10,"3,6",3,"1,5",8,"1,25",https://www.edeka24.de/Lebensmittel/Konserven/Fleischkonserven/Heine-s-Ragout-Fin-400G.html,https://www.edeka24.de/out/pictures/generated/product/1/540_540_90/heine039s_ragout_fin.jpg
2547,Lebensmittel,Konserven,Fleischkonserven,Simon Sauerbraten 400G,"5,49 €","13,73 €/kg","inkl. MwSt., zzgl. 4.95 € Versandkosten.",lieferbar innerhalb von 2-5 Werktagen,2023-05-03 01:20:05.333941,Sauerbraten in süß-saurer Sauce,,"Verantwortliches Lebensmittelunternehmen:
Werner Simon GmbH & Co. KG, Philipp-Oehmigke-Str. 4, 16816 Neuruppin am See","Zutatenverzeichnis: 50% Rindfleisch, Trinkwasser, WEIZENMEHL, Branntweinessig, Zucker, Tomatenmark, Speisesalz, Rapsöl, MILCHPULVER, Senf (Trinkwasser, SENFKÖRNER, Zucker, Branntweinessig, Säureregulator: Citronensäure, Gewürzextrakt), Trockengemüse (Zwiebeln, Porree, SELLERIE, Karotten), Gewürze, Maisstärke, Farbstoff: Karamell, Paprikaextrakt.",72,304,"1,5","0,6","5,5","2,4",9,"1,2",https://www.edeka24.de/Lebensmittel/Konserven/Fleischkonserven/Simon-Sauerbraten-400G.html,https://www.edeka24.de/out/pictures/generated/product/1/540_540_90/simon_sauerbraten_400g.jpg
2548,Lebensmittel,Konserven,Gemüsekonserven,Filder Spitzbüble feinmildes Weinsauerkraut 810G,"2,39 €","3,10 €/kg","inkl. MwSt., zzgl. 4.95 € Versandkosten.",lieferbar innerhalb von 2-5 Werktagen,2023-05-03 01:20:07.854654,Abtropfgewicht 770G.,,"Verantwortliches Lebensmittelunternehmen:
Fritz Schlecht Sauerkonserven, Johannesstr. 2 70794 Filderstadt","Zutatenverzeichnis: Weisskohl, Wein, Salz",91,22,"0,1","0,1","1,9","1,7","1,5",1,https://www.edeka24.de/index.php?cl=details&anid=wUffNPtcSJzhKolGWBzBEd-1&emcs0=3&emcs1=Kategorieseite%20-%20Topseller&emcs2=&emcs3=149547008,https://www.edeka24.de/out/pictures/generated/product/1/540_540_90/filderboykraut.jpg
2549,Lebensmittel,Konserven,Gemüsekonserven,EDEKA Champignons 2. Wahl in Scheiben 330G,"2,19 €","10,95 €/kg","inkl. MwSt., zzgl. 4.95 € Versandkosten.",lieferbar innerhalb von 2-5 Werktagen,2023-05-03 01:20:10.516676,Abtropfgewicht 200G,Hinweis zur Aufbewahrung: Trocken lagern.,"Verantwortliches Lebensmittelunternehmen:
EDEKA ZENTRALE Stiftung & Co. KG, D-22291 Hamburg","Zutatenverzeichnis: Champignons, Wasser, Speisesalz, Säuerungsmittel: Citronensäure, Antioxidationsmittel: Ascorbinsäure.",68,16,"0,2","0,1","0,3","0,1","2,5",1,https://www.edeka24.de/index.php?cl=details&anid=c284d997e99271a33.06420444&emcs0=3&emcs1=Kategorieseite%20-%20Topseller&emcs2=&emcs3=1359426000,https://www.edeka24.de/out/pictures/generated/product/1/540_540_90/edeka_champignons_2_wahl_in_scheiben(2).jpg
2550,Lebensmittel,Konserven,Gemüsekonserven,EDEKA Kidney-Bohnen dunkelrot 400G,"1,39 €","5,25 €/kg","inkl. MwSt., zzgl. 4.95 € Versandkosten.",lieferbar innerhalb von 2-5 Werktagen,2023-05-03 01:20:13.585551,Abtropfgewicht: 265g.,"Hinweis zur Aufbewahrung: Nach dem Öffnen den Restinhalt der Dose in ein geeignetes Gefäß umfüllen, kühl lagern und alsbaldig verbrauchen. Trocken lagern.","Verantwortliches Lebensmittelunternehmen:
EDEKA ZENTRALE Stiftung & Co. KG, D-22291 Hamburg","Zutatenverzeichnis: Kidneybohnen, Wasser, Zucker, Speisesalz, modifizierte Stärke, Festigungsmittel: Caliumchlorid.",447,106,"0,5","0,1","14,4","1,9","7,7","0,63",https://www.edeka24.de/index.php?cl=details&anid=c284d997e9830c2b3.11707652&emcs0=3&emcs1=Kategorieseite%20-%20Topseller&emcs2=&emcs3=1389835001,https://www.edeka24.de/out/pictures/generated/product/1/540_540_90/kidneybohnenedeka-2.png
2551,Lebensmittel,Konserven,Gemüsekonserven,EDEKA Champignons 1. Wahl in Scheiben 280G,"1,99 €","11,71 €/kg","inkl. MwSt., zzgl. 4.95 € Versandkosten.",lieferbar innerhalb von 2-5 Werktagen,2023-05-03 01:20:16.703532,Abtropfgewicht 170G,Hinweis zur Aufbewahrung: Trocken lagern.,"Verantwortliches Lebensmittelunternehmen:
EDEKA ZENTRALE Stiftung & Co. KG, D-22291 Hamburg","Zutatenverzeichnis: Champignons, Wasser, Speisesalz, Säuerungsmittel: Citronensäure, Antioxidationsmittel: Ascorbinsäure.",86,21,"0,5",0,"0,6",0,"2,3","0,6",https://www.edeka24.de/index.php?cl=details&anid=c284d997e95020d19.32808779&emcs0=3&emcs1=Kategorieseite%20-%20Topseller&emcs2=&emcs3=1345320004,https://www.edeka24.de/out/pictures/generated/product/1/540_540_90/edeka_champignons_1_wahl_in_scheiben_280_g.jpg
2552,Lebensmittel,Konserven,Gemüsekonserven,Bonduelle Möhrchen zart und extra fein 200G,"1,39 €","10,69 €/kg","inkl. MwSt., zzgl. 4.95 € Versandkosten.",lieferbar innerhalb von 2-5 Werktagen,2023-05-03 01:20:19.900578,Abtropfgewicht: 130g.,,"Verantwortliches Lebensmittelunternehmen:
Bonduelle Deutschland GmbH, Am Heilbrunnen 136/138, D-72766 Reutlingen","Zutatenverzeichnis: Möhrchen, Wasser, Salz.",23,98,"0,3","0,1","3,4","2,2","0,6","0,55",https://www.edeka24.de/index.php?cl=details&anid=vj6gw3xdQJzhKolGWBzBEd-1&emcs0=3&emcs1=Kategorieseite%20-%20Topseller&emcs2=&emcs3=128624007,https://www.edeka24.de/out/pictures/generated/product/1/540_540_90/bonduelle_mhrchen_feinste_auslese_200_g.jpg
2553,Lebensmittel,Konserven,Gemüsekonserven,Kühne Gewürzgurken 670G,"2,39 €","6,64 €/kg","inkl. MwSt., zzgl. 4.95 € Versandkosten.",lieferbar innerhalb von 2-5 Werktagen,2023-05-03 01:20:22.662321,Abtropfgewicht: 360G. Gewürzgurken Auslese,,"Verantwortliches Lebensmittelunternehmen:
Carl Kühne KG (GmbH & Co.), Kühnehöfe 11, D-22761 Hamburg","Zutatenverzeichnis: Gurken, Branntweinessig, Glukose-Fruktose-Sirup, Dill, Zwiebeln, Paprika, SENFSAAT, Salz, Zucker, natürliches Aroma",30,128,"0,2","0,1","4,9","4,7","0,9","1,6",https://www.edeka24.de/Lebensmittel/Konserven/Gemuesekonserven/Kuehne-Gewuerzgurken-670G.html,https://www.edeka24.de/out/pictures/generated/product/1/540_540_90/khne_gewrzgurken_670_g.jpg
2554,Lebensmittel,Konserven,Gemüsekonserven,Alnatura Bio Gewürzgurken ohne Zuckerzusatz 670G,"2,99 €","8,31 €/kg","inkl. MwSt., zzgl. 4.95 € Versandkosten.",lieferbar innerhalb von 2-5 Werktagen,2023-05-03 01:20:25.586093,Abtropfgewicht 360G,Hinweis zur Aufbewahrung: Nach dem Öffnen im Kühlschrank aufbewahren und innerhalb von 5 Tagen verbrauchen.,"Verantwortliches Lebensmittelunternehmen:
Alnatura GmbH, Mahatma-Gandhi-Straße 7, 64295 Darmstadt","Zutatenverzeichnis: Gurken*, Wasser, Branntweinessig*, Kräuteressig* (Branntweinessig*, Kräuterextrakte*) Meersalz, Dill*, SENFKÖRNER*, Gewürze* (Zwiebeln*, Koriander*, Fenchel*, Pfeffer*), Festigungsmittel: Calciumcitrat *aus biologischer Landwirtschaft",56,13,"0,5","0,1","2,2",1,"0,6","1,5",https://www.edeka24.de/Lebensmittel/Konserven/Gemuesekonserven/Alnatura-Bio-Gewuerzgurken-ohne-Zuckerzusatz-670G.html,https://www.edeka24.de/out/pictures/generated/product/1/540_540_90/bio_alnatura_gewamp252rzgurken_ungesamp252amp223t_670g.jpg
2555,Lebensmittel,Konserven,Gemüsekonserven,EDEKA Junge Erbsen mit Pariser Karotten extra fein 660G,"1,79 €","4,26 €/kg","inkl. MwSt., zzgl. 4.95 € Versandkosten.",lieferbar innerhalb von 2-5 Werktagen,2023-05-03 01:20:28.992933,Abtropfgewicht: 420g.,Hinweis zur Aufbewahrung: Trocken lagern. Nach dem Öffnen kühl lagern und alsbaldig verbrauchen.,"Verantwortliches Lebensmittelunternehmen:
EDEKA ZENTRALE Stiftung & Co. KG, D-22291 Hamburg","Zutatenverzeichnis: Gemüse in veränderlichen Gewichtsanteilen: Erbsen, Karotten; Wasser, Zucker, Speisesalz.",47,198,"0,7","0,2",5,3,3,"0,5",https://www.edeka24.de/Lebensmittel/Konserven/Gemuesekonserven/EDEKA-Junge-Erbsen-mit-Pariser-Karotten-extra-fein-660G.html,https://www.edeka24.de/out/pictures/generated/product/1/540_540_90/edeka_erbsen_mit_karotten_extra_fein_660_g.jpg
2556,Lebensmittel,Konserven,Gemüsekonserven,EDEKA Champignons 1. Wahl in Scheiben 280G,"1,99 €","11,71 €/kg","inkl. MwSt., zzgl. 4.95 € Versandkosten.",lieferbar innerhalb von 2-5 Werktagen,2023-05-03 01:20:32.076370,Abtropfgewicht 170G,Hinweis zur Aufbewahrung: Trocken lagern.,"Verantwortliches Lebensmittelunternehmen:
EDEKA ZENTRALE Stiftung & Co. KG, D-22291 Hamburg","Zutatenverzeichnis: Champignons, Wasser, Speisesalz, Säuerungsmittel: Citronensäure, Antioxidationsmittel: Ascorbinsäure.",86,21,"0,5",0,"0,6",0,"2,3","0,6",https://www.edeka24.de/Lebensmittel/Konserven/Gemuesekonserven/EDEKA-Champignons-1-Wahl-in-Scheiben-280G.html,https://www.edeka24.de/out/pictures/generated/product/1/540_540_90/edeka_champignons_1_wahl_in_scheiben_280_g.jpg
2557,Lebensmittel,Konserven,Gemüsekonserven,Gut & Günstig Sonnenmais 330G,"1,09 €","3,82 €/kg","inkl. MwSt., zzgl. 4.95 € Versandkosten.",lieferbar innerhalb von 2-5 Werktagen,2023-05-03 01:20:35.120352,"Abtropfgewicht 285G. Zarter junger Gemüsemais, vakuumverpackt","Hinweis zur Aufbewahrung: Trocken lagern. Nach dem Öffnen den Restinhalt der Dose in ein geeignetes Gefäß umfüllen, kühl lagern und alsbaldig verbrauchen. mindestens haltbar bis: siehe Deckel/Boden","Verantwortliches Lebensmittelunternehmen:
EDEKA ZENTRALE Stiftung & Co. KG, D-22291 Hamburg","Zutatenverzeichnis: Gemüsemais, Wasser, Speisesalz.",300,71,"1,2","0,3",11,7,"2,5","0,3",https://www.edeka24.de/Lebensmittel/Konserven/Gemuesekonserven/Gut-Guenstig-Sonnenmais-330G.html,https://www.edeka24.de/out/pictures/generated/product/1/540_540_90/ggsonnenmais.jpg
2558,Lebensmittel,Konserven,Gemüsekonserven,Spreewald Paprika in Streifen 320G,"1,19 €","7,21 €/kg","inkl. MwSt., zzgl. 4.95 € Versandkosten.",lieferbar innerhalb von 2-5 Werktagen,2023-05-03 01:20:38.017118,Abtropfgewicht: 165G. Paprika rot in Streifen,,"Verantwortliches Lebensmittelunternehmen:
Spreewald-Feldmann GmbH, Majoransheide 14 15907 Lübben","Zutatenverzeichnis: Paprika rot, Branntweinessig, Zucker, Salz.",160,38,"0,2","0,1","6,6","6,1","0,7","1,1",https://www.edeka24.de/Lebensmittel/Konserven/Gemuesekonserven/Spreewald-Paprika-in-Streifen-320G.html,https://www.edeka24.de/out/pictures/generated/product/1/540_540_90/spreewald_paprika_in_streifen_320g.jpg
2559,Lebensmittel,Konserven,Gemüsekonserven,EDEKA Kidney-Bohnen dunkelrot 400G,"1,39 €","5,25 €/kg","inkl. MwSt., zzgl. 4.95 € Versandkosten.",lieferbar innerhalb von 2-5 Werktagen,2023-05-03 01:20:40.554289,Abtropfgewicht: 265g.,"Hinweis zur Aufbewahrung: Nach dem Öffnen den Restinhalt der Dose in ein geeignetes Gefäß umfüllen, kühl lagern und alsbaldig verbrauchen. Trocken lagern.","Verantwortliches Lebensmittelunternehmen:
EDEKA ZENTRALE Stiftung & Co. KG, D-22291 Hamburg","Zutatenverzeichnis: Kidneybohnen, Wasser, Zucker, Speisesalz, modifizierte Stärke, Festigungsmittel: Caliumchlorid.",447,106,"0,5","0,1","14,4","1,9","7,7","0,63",https://www.edeka24.de/Lebensmittel/Konserven/Gemuesekonserven/EDEKA-Kidney-Bohnen-dunkelrot-400G.html,https://www.edeka24.de/out/pictures/generated/product/1/540_540_90/kidneybohnenedeka-2.png
2560,Lebensmittel,Konserven,Gemüsekonserven,EDEKA Baked Beans 400G,"1,39 €","3,48 €/kg","inkl. MwSt., zzgl. 4.95 € Versandkosten.",lieferbar innerhalb von 2-5 Werktagen,2023-05-03 01:20:43.116884,Weiße Bohnen in Tomatensauce,"Hinweis zur Aufbewahrung: Nach dem Öffnen den Restinhalt der Dose in ein geeignetes Gefäß umfüllen, kühl lagern und alsbaldig verbrauchen. Trocken lagern.","Verantwortliches Lebensmittelunternehmen:
EDEKA ZENTRALE Stiftung & Co. KG, D-22291 Hamburg","Zutatenverzeichnis: 53% weiße Bohnen, Wasser, 4,6% Tomatenmark dreifach konzentriert, Zucker, modifizierte Stärke, Speisesalz, Gewürze, Rapsöl, Weißweinessig, Paprikaextrakt, natürliche Aromen.",337,80,"0,6","0,1",11,"4,3","4,3","0,67",https://www.edeka24.de/Lebensmittel/Konserven/Gemuesekonserven/EDEKA-Baked-Beans-400G.html,https://www.edeka24.de/out/pictures/generated/product/1/540_540_90/edeka_baked_beans_400g.jpg
2561,Lebensmittel,Konserven,Gemüsekonserven,Alnatura Bio Rote Bete 330G,"1,39 €","6,32 €/kg","inkl. MwSt., zzgl. 4.95 € Versandkosten.",lieferbar innerhalb von 2-5 Werktagen,2023-05-03 01:20:50.754430,Abtropfgewicht 220G,Hinweis zur Aufbewahrung: Nach dem Öffnen im Kühlschrank aufbewahren und innerhalb von 5 Tagen verbrauchen.,"Verantwortliches Lebensmittelunternehmen:
Alnatura GmbH, Mahatma-Gandhi-Straße 7, 64295 Darmstadt","Zutatenverzeichnis: Rote Bete*, Wasser, Rübenzucker*, Branntweinessig*, Kräuteressig* (Branntweinessig*, Kräuterextrakte*), Meersalz, Kümmel*, Nelken* *aus biologischer Landwirtschaft.",217,51,"0,5","0,1",11,11,"0,8","0,88",https://www.edeka24.de/Lebensmittel/Konserven/Gemuesekonserven/Alnatura-Bio-Rote-Bete-330G.html,https://www.edeka24.de/out/pictures/generated/product/1/540_540_90/bio_alnatura_rote_bete_330g.jpg
2562,Lebensmittel,Konserven,Gemüsekonserven,Hengstenberg Knax Gewürzgurken 670G,"2,59 €","7,19 €/kg","inkl. MwSt., zzgl. 4.95 € Versandkosten.",lieferbar innerhalb von 2-5 Werktagen,2023-05-03 01:20:53.291315,Abtropfgewicht: 360G.,Hinweis zur Aufbewahrung: Nach Anbruch im Kühlschrank frisch halten.,"Verantwortliches Lebensmittelunternehmen:
Hengstberg GmbH & Co.KG, Mettinger Straße 109, D-73728 Esslingen","Zutatenverzeichnis: Gurken, Branntweinessig, Zucker, Salz, Dill, SENFKÖRNER, natürliche Kräuter-Gewürze-Aromen",25,108,"0,2","0,09","4,3","4,2","0,813","1,3",https://www.edeka24.de/Lebensmittel/Konserven/Gemuesekonserven/Hengstenberg-Knax-Gewuerzgurken-670G.html,https://www.edeka24.de/out/pictures/generated/product/1/540_540_90/hengstenberg_knax_gewrzgurken_670_g(1).jpg
2563,Lebensmittel,Konserven,Gemüsekonserven,Alnatura Bio Erbsen extra fein 350G,"1,59 €","6,91 €/kg","inkl. MwSt., zzgl. 4.95 € Versandkosten.",lieferbar innerhalb von 2-5 Werktagen,2023-05-03 01:20:56.117921,Abtropfgewicht 230G.,Hinweis zur Aufbewahrung: Nach dem Öffnen im Kühlschrank aufbewahren und binnen 2 Tagen verbrauchen.,"Verantwortliches Lebensmittelunternehmen:
Alnatura Produktions- und Handels GmbH, Mahatma-Gandhi-Str. 7, 64295 Darmstadt","Zutatenverzeichnis: Erbsen*, Wasser, Meersalz *aus biologischer Landwirtschaft.",305,72,"0,6","0,2","9,1","1,4","5,4","0,5",https://www.edeka24.de/Lebensmittel/Konserven/Gemuesekonserven/Alnatura-Bio-Erbsen-extra-fein-350G.html,https://www.edeka24.de/out/pictures/generated/product/1/540_540_90/alnaturaerbsen.jpg
2564,Lebensmittel,Konserven,Gemüsekonserven,Spreewald Puszta-Salat 330G,"1,19 €","6,26 €/kg","inkl. MwSt., zzgl. 4.95 € Versandkosten.",lieferbar innerhalb von 2-5 Werktagen,2023-05-03 01:20:58.548961,Abtropfgewicht: 190g. Puszta-Salat mit Zucker und Süßungsmittel,Hinweis zur Aufbewahrung: Nach dem Öffnen kühl lagern und zügig verbrauchen.,"Verantwortliches Lebensmittelunternehmen:
Spreewald-Feldmann GmbH, Majoransheide 14 15907 Lübben","Zutatenverzeichnis: Gemüse (in veränderlichen Gewichtsanteilen: Paprika rot, Gurken, Zwiebeln, Karotten, Paprika grün), Branntweinessig, Zucker, Salz, natürliche Aromen, Süßungsmittel Saccharin",101,24,"0,1","0,1","4,2","3,4","0,6","1,2",https://www.edeka24.de/Lebensmittel/Konserven/Gemuesekonserven/Spreewald-Puszta-Salat-330G.html,https://www.edeka24.de/out/pictures/generated/product/1/540_540_90/spreewald_pusztasalat_330_g.jpg
2565,Lebensmittel,Konserven,Gemüsekonserven,EDEKA Schnittbohnen sehr fein 660G,"1,59 €","4,82 €/kg","inkl. MwSt., zzgl. 4.95 € Versandkosten.",lieferbar innerhalb von 2-5 Werktagen,2023-05-03 01:21:01.958121,Abtropfgewicht: 330g.,Hinweis zur Aufbewahrung: Trocken lagern. Nach dem Öffnen kühl lagern und alsbaldig verbrauchen.,"Verantwortliches Lebensmittelunternehmen:
EDEKA ZENTRALE Stiftung & Co. KG, D-22291 Hamburg","Zutatenverzeichnis: Bohnen, Wasser, Speisesalz, Säuerungsmittel: Citronensäuere.",23,96,"0,1",0,"2,6","0,7","1,5","0,6",https://www.edeka24.de/Lebensmittel/Konserven/Gemuesekonserven/EDEKA-Schnittbohnen-sehr-fein-660G.html,https://www.edeka24.de/out/pictures/generated/product/1/540_540_90/edeka_schnittbohnen_sehr_fein_660_g.jpg
2566,Lebensmittel,Konserven,Gemüsekonserven,Spreewald Rote Bete 330G,"1,05 €","4,77 €/kg","inkl. MwSt., zzgl. 4.95 € Versandkosten.",lieferbar innerhalb von 2-5 Werktagen,2023-05-03 01:21:05.483235,Abtropfgewicht: 220G. Rote Bete Streifen mit Zucker und Süßungsmittel,,"Verantwortliches Lebensmittelunternehmen:
Spreewald-Feldmann GmbH, Majoransheide 14 15907 Lübben","Zutatenverzeichnis: Rote Bete, Branntweinessig, Zucker, Salz, natürliches Aroma, Süßungsmittel Saccharin",51,214,"0,2","0,1","9,7","8,2","0,8","1,1",https://www.edeka24.de/Lebensmittel/Konserven/Gemuesekonserven/Spreewald-Rote-Bete-330G.html,https://www.edeka24.de/out/pictures/generated/product/1/540_540_90/spreewaldrotebeete.jpg
2567,Lebensmittel,Konserven,Gemüsekonserven,Bio Alnatura Sauerkraut 520G,"1,39 €","2,78 €/kg","inkl. MwSt., zzgl. 4.95 € Versandkosten.",lieferbar innerhalb von 2-5 Werktagen,2023-05-03 01:21:08.439073,Abtropfgewicht 500G,Hinweis zur Aufbewahrung: Der geschlossene Beutel ist ungekühlt haltbar. Vor Wärme schützen. Nach dem Öffnen kühl aufbewahren und innerhalb von 5 Tagen verbrauchen.,"Verantwortliches Lebensmittelunternehmen:
Alnatura Produktions- und Handels GmbH, Mahatma-Gandhi-Str. 7, 64295 Darmstadt","Zutatenverzeichnis: Weißkohl*, Meersalz. *aus biologischer Landwirtschaft.",102,24,"0,2","0,01","3,3","1,1","1,3","1,3",https://www.edeka24.de/Lebensmittel/Konserven/Gemuesekonserven/Bio-Alnatura-Sauerkraut-520G.html,https://www.edeka24.de/out/pictures/generated/product/1/540_540_90/alnaturasauerkraut.jpg
2568,Lebensmittel,Konserven,Gemüsekonserven,EDEKA Weiße Riesenbohnen 400G,"1,39 €","5,79 €/kg","inkl. MwSt., zzgl. 4.95 € Versandkosten.",lieferbar innerhalb von 2-5 Werktagen,2023-05-03 01:21:11.585577,Abtropfgewicht: 240g.,"Hinweis zur Aufbewahrung: Trocken lagern. Nach dem Öffnen den Restinhalt in ein geeignetes Gefäß umfüllen, kühl lagern und alsbaldig verbrauchen.","Verantwortliches Lebensmittelunternehmen:
EDEKA ZENTRALE Stiftung & Co. KG, D-22291 Hamburg","Zutatenverzeichnis: Weiße Riesenbohnen, Wasser, Speisesalz, Antioxidationsmittel: Ascorbinsäure.",423,101,"0,8","0,1","13,1",1,"6,9","0,51",https://www.edeka24.de/Lebensmittel/Konserven/Gemuesekonserven/EDEKA-Weisse-Riesenbohnen-400G.html,https://www.edeka24.de/out/pictures/generated/product/1/540_540_90/edeka_weiamp223e_riesenbohnen_400g.jpg
2569,Lebensmittel,Konserven,Gemüsekonserven,EDEKA Spargel Spitzen 280G,"2,89 €","17,00 €/kg","inkl. MwSt., zzgl. 4.95 € Versandkosten.",lieferbar innerhalb von 2-5 Werktagen,2023-05-03 01:21:14.078794,"Abtropfgewicht: 170g. Spargelspitzen, rein weiß",Hinweis zur Aufbewahrung: Trocken lagern.,"Verantwortliches Lebensmittelunternehmen:
EDEKA ZENTRALE Stiftung & Co. KG, D-22291 Hamburg","Zutatenverzeichnis: Spargel, Wasser, Speisesalz, Säuerungsmittel: Citronensäure.",98,23,"0,9",0,"1,5","1,5","1,6","0,75",https://www.edeka24.de/Lebensmittel/Konserven/Gemuesekonserven/EDEKA-Spargel-Spitzen-280G-oxid.html,https://www.edeka24.de/out/pictures/generated/product/1/540_540_90/espargelspitzen_280g.jpg
2570,Lebensmittel,Konserven,Gemüsekonserven,EDEKA Gemüsemais 150G,"0,89 €","6,36 €/kg","inkl. MwSt., zzgl. 4.95 € Versandkosten.",lieferbar innerhalb von 2-5 Werktagen,2023-05-03 01:21:16.968942,"Abtropfgewicht: 140g. Gemüsemais, zart, jung, vakuumverpackt","Hinweis zur Aufbewahrung: Trocken lagern. Nach dem Öffnen den Restinhalt der Dose in ein geeignetes Gefäß umfüllen, kühl lagern und alsbaldig verbrauchen.","Verantwortliches Lebensmittelunternehmen:
EDEKA ZENTRALE Stiftung & Co. KG, D-22291 Hamburg","Zutatenverzeichnis: Maiskörner, Wasser, Speisesalz.",82,344,"2,5","0,4",11,"6,1","2,5","0,4",https://www.edeka24.de/Lebensmittel/Konserven/Gemuesekonserven/EDEKA-Gemuesemais-150G.html,https://www.edeka24.de/out/pictures/generated/product/1/540_540_90/edeka_gemsemais_kleine_dose.jpg
2571,Lebensmittel,Konserven,Gemüsekonserven,EDEKA Spargel Abschnitte mit Köpfen 280G,"2,29 €","13,47 €/kg","inkl. MwSt., zzgl. 4.95 € Versandkosten.",lieferbar innerhalb von 2-5 Werktagen,2023-05-03 01:21:21.132263,"Abtropfgewicht 170G. Spargelabschnitte mit Köpfen, rein weiß",Hinweis zur Aufbewahrung: Nach dem Öffnen den Restinhalt kühl lagern und alsbaldig verbrauchen.,"Verantwortliches Lebensmittelunternehmen:
EDEKA ZENTRALE Stiftung & Co. KG, D-22291 Hamburg","Zutatenverzeichnis: Spargel, Wasser, Speisesalz, Säuerungsmittel: Citronensäure.",98,23,"0,9",0,"1,5","1,5","1,6","0,75",https://www.edeka24.de/Lebensmittel/Konserven/Gemuesekonserven/EDEKA-Spargel-Abschnitte-mit-Koepfen-280G.html,https://www.edeka24.de/out/pictures/generated/product/1/540_540_90/espargelabschnmk280g.jpg
2572,Lebensmittel,Konserven,Gemüsekonserven,EDEKA Gourmet Apfelrotkohl mit Gänseschmalz 400G,"1,29 €","3,23 €/kg","inkl. MwSt., zzgl. 4.95 € Versandkosten.",lieferbar innerhalb von 2-5 Werktagen,2023-05-03 01:21:24.139491,"Apfelrotkohl mit Gänseschmalz, fertig zubereitet und gewürzt","Hinweis zur Aufbewahrung: Trocken lagern. Nach dem Öffnen den Restinhalt in ein geeignetes Gefäß umfüllen, kühl lagern und alsbaldig verbrauchen.","Verantwortliches Lebensmittelunternehmen:
EDEKA ZENTRALE Stiftung & Co. KG, D-22291 Hamburg","Zutatenverzeichnis: 66% Rotkohl, 10% Apfelstücke, Invertzuckersirup, 5% Apfelsaft aus Apfelsaftkonzentrat, Branntweinessig, Wasser, 2% Gänseschmalz, Speisesalz, modifizierte Stärke, Zwiebeln, Gewürzextrakte.",307,73,"1,9","0,6","11,9","8,7","0,9","1,1",https://www.edeka24.de/Lebensmittel/Konserven/Gemuesekonserven/EDEKA-Gourmet-Apfelrotkohl-mit-Gaenseschmalz-400G.html,https://www.edeka24.de/out/pictures/generated/product/1/540_540_90/edeka_gourmet_apfelrotkohl_mit_gamp228nseschmalz_400g.jpg
2573,Lebensmittel,Konserven,Gemüsekonserven,Kühne Feine Cornichons 330G,"2,39 €","12,58 €/kg","inkl. MwSt., zzgl. 4.95 € Versandkosten.",lieferbar innerhalb von 2-5 Werktagen,2023-05-03 01:21:26.746923,Abtropfgewicht 190G,Hinweis zur Aufbewahrung: Nach Anbruch kühl lagern.,"Verantwortliches Lebensmittelunternehmen:
Carl Kühne KG (GmbH & Co.), 22761 Hamburg","Zutatenverzeichnis: Gurken, Branntweinessig, Glukose-Fruktose-Sirup, Dill, Zwiebeln, SENFSAAT, Salz, Zucker, natürliches Aroma",33,139,"0,2","0,1","5,1","4,6","1,4","1,8",https://www.edeka24.de/Lebensmittel/Konserven/Gemuesekonserven/Kuehne-Feine-Cornichons-330G.html,https://www.edeka24.de/out/pictures/generated/product/1/540_540_90/khne_feine_cornichons_330g.jpg
2574,Lebensmittel,Konserven,Gemüsekonserven,EDEKA Artischocken Herzen 400G,"2,59 €","10,79 €/kg","inkl. MwSt., zzgl. 4.95 € Versandkosten.",lieferbar innerhalb von 2-5 Werktagen,2023-05-03 01:21:29.350934,Abtropfgewicht 240G. Artischockenherzen,"Hinweis zur Aufbewahrung: Nach dem Öffnen den Restinhalt der Dose in ein geeignetes Gefäß umfüllen, kühl lagern und alsbaldig verbrauchen. Trocken lagern.","Verantwortliches Lebensmittelunternehmen:
EDEKA ZENTRALE Stiftung & Co. KG, D-22291 Hamburg","Zutatenverzeichnis: Artischocken, Wasser, Speisesalz, Säuerungsmittel: Citronensäure.",113,27,0,0,4,"1,3","1,4","0,8",https://www.edeka24.de/Lebensmittel/Konserven/Gemuesekonserven/EDEKA-Artischocken-Herzen-400G.html,https://www.edeka24.de/out/pictures/generated/product/1/540_540_90/edeka_artischocken_herzen.jpg
2575,Lebensmittel,Konserven,Gemüsekonserven,Bonduelle Grüne Bohnen zart und extra fein 800G,"2,09 €","4,75 €/kg","inkl. MwSt., zzgl. 4.95 € Versandkosten.",lieferbar innerhalb von 2-5 Werktagen,2023-05-03 01:21:31.991145,Abtropfgewicht 440G,Hinweis zur Aufbewahrung: Ungeöffnet bei Zimmertemperatur trocken lagern. Nach dem Öffnen gekühlt lagern und innerhalb eines Tages verbrauchen.,"Verantwortliches Lebensmittelunternehmen:
Bonduelle Deutschland GmbH, D-72766 Reutlingen, Am Heilbrunnen 136/138","Zutatenverzeichnis: Grüne Bohnen, Wasser, Salz.",25,106,"0,2","0,1","2,8","0,5","1,6","1,6",https://www.edeka24.de/Lebensmittel/Konserven/Gemuesekonserven/Bonduelle-Gruene-Bohnen-zart-und-extra-fein-800G-oxid.html,https://www.edeka24.de/out/pictures/generated/product/1/540_540_90/bonduellegbzartexfein.jpg
2576,Lebensmittel,Konserven,Gemüsekonserven,EDEKA Knoblauch gehackt in Öl mit Chili 95G,"1,69 €","28,17 €/kg","inkl. MwSt., zzgl. 4.95 € Versandkosten.",lieferbar innerhalb von 2-5 Werktagen,2023-05-03 01:21:35.306715,Abtropfgewicht 60G. Gehackter Knoblauch mit Chiliflocken in Rapsöl,Hinweis zur Aufbewahrung: Trocken lagern. Nach dem Öffnen kühl lagern und alsbaldig verbrauchen.,"Verantwortliches Lebensmittelunternehmen:
EDEKA ZENTRALE Stiftung & Co. KG, D-22291 Hamburg","Zutatenverzeichnis: 57% Knoblauch, Rapsöl, Speisesalz, 1% Chili, Antioxidationsmittel: Citronensäure.",1436,348,"33,9","2,3",7,"1,9","2,6","3,6",https://www.edeka24.de/Lebensmittel/Konserven/Gemuesekonserven/EDEKA-Knoblauch-gehackt-in-Oel-mit-Chili-95G.html,https://www.edeka24.de/out/pictures/generated/product/1/540_540_90/eknobgeha.jpg
2577,Lebensmittel,Konserven,Gemüsekonserven,EDEKA Mexikanische Gemüsemischung 300G,"1,39 €","4,96 €/kg","inkl. MwSt., zzgl. 4.95 € Versandkosten.",lieferbar innerhalb von 2-5 Werktagen,2023-05-03 01:21:38.270140,"Abtropfgewicht: 280G. Gemüsemischung aus Mais, Erbsen und rote Gemüsepaprika , vakuumverpackt","Hinweis zur Aufbewahrung: Trocken lagern. Nach dem Öffnen den Restinhalt der Dose in ein geeignetes Gefäß umfüllen, kühl lagern und alsbaldig verbrauchen.","Verantwortliches Lebensmittelunternehmen:
EDEKA ZENTRALE Stiftung & Co. KG, D-22291 Hamburg","Zutatenverzeichnis: 45% Maiskörner, 26% Erbsen, Wasser, 10% rote Gemüsepaprika, Speisesalz.",80,333,"1,7","0,3","9,8","3,5","3,9","0,36",https://www.edeka24.de/Lebensmittel/Konserven/Gemuesekonserven/EDEKA-Mexikanische-Gemuesemischung-300G.html,https://www.edeka24.de/out/pictures/generated/product/1/540_540_90/edeka_mexikanische_gemsemischung.jpg
2578,Lebensmittel,Konserven,Gemüsekonserven,EDEKA Kichererbsen Bohnen Mix 200G,"1,19 €","9,15 €/kg","inkl. MwSt., zzgl. 4.95 € Versandkosten.",lieferbar innerhalb von 2-5 Werktagen,2023-05-03 01:21:41.244058,"Abtropfgewicht 130G. Mischung mit 16% Kichererbsen, 16% Limabohnen und 16% Kidney-Bohnen","Hinweis zur Aufbewahrung: Trocken lagern. Nach dem Öffnen in ein geeignetes Gefäß umfüllen, im Kühlschrank lagern und alsbaldig verbrauchen.","Verantwortliches Lebensmittelunternehmen:
EDEKA ZENTRALE Stiftung & Co. KG, D-22291 Hamburg","Zutatenverzeichnis: Wasser, Kichererbsen, Limabohnen, Kidneybohnen, Speisesalz, Festigungsmittel: Calciumchlorid.",509,121,"1,5","0,5","15,4","0,6","7,3","0,43",https://www.edeka24.de/Lebensmittel/Konserven/Gemuesekonserven/EDEKA-Kichererbsen-Bohnen-Mix-200G.html,https://www.edeka24.de/out/pictures/generated/product/1/540_540_90/edeka_kichererbsenbohnenmix_200g.jpg
2579,Lebensmittel,Konserven,Gemüsekonserven,Alnatura Bio Mais 340G,"1,59 €","6,91 €/kg","inkl. MwSt., zzgl. 4.95 € Versandkosten.",lieferbar innerhalb von 2-5 Werktagen,2023-05-03 01:21:44.067761,Abtropfgewicht 230G.,Hinweis zur Aufbewahrung: Nach dem Öffnen im Kühlschrank aufbewahren und binnen 2 Tagen verbrauchen.,"Verantwortliches Lebensmittelunternehmen:
Alnatura Produktions- und Handels GmbH, Mahatma-Gandhi-Str. 7, 64295 Darmstadt","Zutatenverzeichnis: Mais*, Wasser, Meersalz, Zitronensaft* *aus biologischer Landwirtschaft.",358,85,"1,6","0,2",13,"5,2",3,"0,35",https://www.edeka24.de/Lebensmittel/Konserven/Gemuesekonserven/Alnatura-Bio-Mais-340G.html,https://www.edeka24.de/out/pictures/generated/product/1/540_540_90/alnaturamaiiiis.jpg
2580,Lebensmittel,Konserven,Gemüsekonserven,Hengstenberg Sandwich Gurken 330G,"2,19 €","11,84 €/kg","inkl. MwSt., zzgl. 4.95 € Versandkosten.",lieferbar innerhalb von 2-5 Werktagen,2023-05-03 01:21:46.992970,Abtropfgewicht 185G. Gurkenscheiben,,"Verantwortliches Lebensmittelunternehmen:
Hengstberg GmbH & Co.KG, Mettinger Straße 109, D-73728 Esslingen","Zutatenverzeichnis: Gurken, Branntweinessig, Zucker, Salz, SENFKÖRNER, natürliche Kräuter-Gewürze-Aromen, Farbstoff Riboflavin",24,101,"0,2","0,09","3,9","3,8","0,813","1,5",https://www.edeka24.de/Lebensmittel/Konserven/Gemuesekonserven/Hengstenberg-Sandwich-Gurken-330G.html,https://www.edeka24.de/out/pictures/generated/product/1/540_540_90/hengstenberg_sandwich_gurken_330_g.jpg
2581,Lebensmittel,Konserven,Gemüsekonserven,Alnatura Bio Erbsen & Karotten 340G,"1,49 €","6,77 €/kg","inkl. MwSt., zzgl. 4.95 € Versandkosten.",lieferbar innerhalb von 2-5 Werktagen,2023-05-03 01:21:50.027367,Abtropfgewicht 220G,Hinweis zur Aufbewahrung: Nach dem Öffnen im Kühlschrank aufbewahren und binnen 2 Tagen verbrauchen.,"Verantwortliches Lebensmittelunternehmen:
Alnatura Produktions- und Handels GmbH, Mahatma-Gandhi-Str. 7, 64295 Darmstadt","Zutatenverzeichnis: Erbsen*, Karotten*, Wasser, Meersalz *aus biologischer Landwirtschaft.",210,50,"0,5","0,1","7,2","4,5","3,3","0,35",https://www.edeka24.de/Lebensmittel/Konserven/Gemuesekonserven/Alnatura-Bio-Erbsen-Karotten-340G.html,https://www.edeka24.de/out/pictures/generated/product/1/540_540_90/alnatura_bio_erbsen_amp_karotten_340g.jpg
2582,Lebensmittel,Konserven,Gemüsekonserven,Alnatura Bio Origin Oliven ohne Stein 350G,"2,99 €","16,61 €/kg","inkl. MwSt., zzgl. 4.95 € Versandkosten.",lieferbar innerhalb von 2-5 Werktagen,2023-05-03 01:21:53.158304,Abtropfgewicht 180G,Hinweis zur Aufbewahrung: Nach dem Öffnen im Kühlschrank lagern und innerhalb von 14 Tagen verbrauchen.,"Verantwortliches Lebensmittelunternehmen:
Alnatura GmbH, Darmstädter Str. 63, 64404 Bickenbach","Zutatenverzeichnis: Oliven* grün, Wasser, Weißweinessig*, Meersalz *aus biologischer Landwirtschaft . Kann Spuren von Mandel enthalten.",619,150,15,"1,5",1,"0,5","1,4","2,9",https://www.edeka24.de/Lebensmittel/Konserven/Gemuesekonserven/Alnatura-Bio-Origin-Oliven-ohne-Stein-350G.html,https://www.edeka24.de/out/pictures/generated/product/1/540_540_90/bio_alnatura_origin_oliven_ohne_stein_350g.jpg
2583,Lebensmittel,Konserven,Gemüsekonserven,EDEKA Schwarze Bohnen 400G,"1,39 €","5,25 €/kg","inkl. MwSt., zzgl. 4.95 € Versandkosten.",lieferbar innerhalb von 2-5 Werktagen,2023-05-03 01:21:56.168195,Abtropfgewicht: 265G,"Hinweis zur Aufbewahrung: Trocken lagern. Nach dem Öffnen den Restinhalt der Dose in ein geeignetes Gefäß umfüllen, kühl lagern und alsbaldig verbrauchen.","Verantwortliches Lebensmittelunternehmen:
EDEKA ZENTRALE Stiftung & Co. KG, D-22291 Hamburg","Zutatenverzeichnis: Schwarze Bohnen, Wasser, Speisesalz, Festigungsmittel: Calciumchlorid, Antioxidationsmittel: Ascorbinsäure",114,478,"0,9","0,2",16,"0,1",7,"0,78",https://www.edeka24.de/Lebensmittel/Konserven/Gemuesekonserven/EDEKA-Schwarze-Bohnen-400G.html,https://www.edeka24.de/out/pictures/generated/product/1/540_540_90/edeka_schwarze_bohnen_400g.jpg
2584,Lebensmittel,Konserven,Gemüsekonserven,Bonduelle Möhrchen zart & extra fein 400G,"1,89 €","7,13 €/kg","inkl. MwSt., zzgl. 4.95 € Versandkosten.",lieferbar innerhalb von 2-5 Werktagen,2023-05-03 01:21:58.878822,Abtropfgewicht 265G.,,"Verantwortliches Lebensmittelunternehmen:
Bonduelle Deutschland GmbH, D-72766 Reutlingen, Am Heilbrunnen 136/138","Zutatenverzeichnis: Möhrchen, Wasser, Salz.",24,98,"0,3","0,1","3,4","2,2","0,6","0,55",https://www.edeka24.de/Lebensmittel/Konserven/Gemuesekonserven/Bonduelle-Moehrchen-zart-extra-fein-400G.html,https://www.edeka24.de/out/pictures/generated/product/1/540_540_90/bonduelle_mhrchen_zart_amp_extra_fein_400g.jpg
2585,Lebensmittel,Konserven,Gemüsekonserven,Alnatura Bio Cornichons 330G,"2,79 €","14,68 €/kg","inkl. MwSt., zzgl. 4.95 € Versandkosten.",lieferbar innerhalb von 2-5 Werktagen,2023-05-03 01:22:01.464944,Abtropfgewicht 190G,Hinweis zur Aufbewahrung: Nach dem Öffnen im Kühlschrank aufbewahren und binnen 5 Tagen verbrauchen.,"Verantwortliches Lebensmittelunternehmen:
Alnatura Produktions- und Handels GmbH, Mahatma-Gandhi-Str. 7, 64295 Darmstadt","Zutatenverzeichnis: Gurken*, Wasser, Branntweinessig*, Rübenzucker*, Kräuteressig* (Branntweinessig*, Kräuterextrakte*), Meersalz, Dill*, SENFKÖRNER*, Gewürze* (Zwiebeln*, Koriander*, Fenchel*, Pfeffer*) *aus biologischer Landwirtschaft.",139,33,"0,5","0,1","5,4","4,8","1,3","1,3",https://www.edeka24.de/Lebensmittel/Konserven/Gemuesekonserven/Alnatura-Bio-Cornichons-330G.html,https://www.edeka24.de/out/pictures/generated/product/1/540_540_90/bio_alnatura_cornichons330g.jpg
2586,Lebensmittel,Konserven,Gemüsekonserven,Hengstenberg Wurstsalat-Gurken 330G,"2,19 €","11,84 €/kg","inkl. MwSt., zzgl. 4.95 € Versandkosten.",lieferbar innerhalb von 2-5 Werktagen,2023-05-03 01:22:04.713835,Abtropfgewicht: 185g. Gurkenstreifen.,,"Verantwortliches Lebensmittelunternehmen:
Hengstberg GmbH & Co.KG, Mettinger Straße 109, D-73728 Esslingen","Zutatenverzeichnis: Gurken, Branntweinessig, Zucker, Salz, natürliche Kräuter-Gewürz-Aromen, Speisewürze (enthält SOJA), Antioxidationsmittel Ascorbinsäure und Citronensäure, Farbstoff Riboflavin - Kann SENF enthalten.",20,87,"0,2","0,09","3,1",3,"0,8","1,2",https://www.edeka24.de/Lebensmittel/Konserven/Gemuesekonserven/Hengstenberg-Wurstsalat-Gurken-330G.html,https://www.edeka24.de/out/pictures/generated/product/1/540_540_90/hengstenberg_wurstsalatgurken_330g.jpg
2587,Lebensmittel,Konserven,Gemüsekonserven,Kühne Rote Bete in Scheiben 670G,"2,39 €","5,56 €/kg","inkl. MwSt., zzgl. 4.95 € Versandkosten.",lieferbar innerhalb von 2-5 Werktagen,2023-05-03 01:22:07.965504,Abtropfgewicht 430G.,Hinweis zur Aufbewahrung: Nach Anbruch kühl lagern.,"Verantwortliches Lebensmittelunternehmen:
Carl Kühne KG (GmbH & Co.), 22761 Hamburg","Zutatenverzeichnis: Rote Bete, Branntweinessig, Glukose-Fruktose-Sirup, Zucker, Salz, natürliches Aroma",62,263,"0,1","0,1",12,11,"1,3","0,3",https://www.edeka24.de/Lebensmittel/Konserven/Gemuesekonserven/Kuehne-Rote-Bete-in-Scheiben-670G.html,https://www.edeka24.de/out/pictures/generated/product/1/540_540_90/kuerote_bete_scheiben_670g.jpg
2588,Lebensmittel,Konserven,Gemüsekonserven,EDEKA Brechbohnen sehr fein 330G,"1,09 €","5,89 €/kg","inkl. MwSt., zzgl. 4.95 € Versandkosten.",lieferbar innerhalb von 2-5 Werktagen,2023-05-03 01:22:11.018199,Abtropfgewicht: 185g.,Hinweis zur Aufbewahrung: Trocken lagern. Nach dem Öffnen kühl lagern und alsbaldig verbrauchen.,"Verantwortliches Lebensmittelunternehmen:
EDEKA ZENTRALE Stiftung & Co. KG, D-22291 Hamburg","Zutatenverzeichnis: Brechbohnen, Wasser, Speisesalz, Säuerungsmittel: Citronensäure.",102,24,"0,1","0,1",3,"0,8","1,5","0,5",https://www.edeka24.de/Lebensmittel/Konserven/Gemuesekonserven/EDEKA-Brechbohnen-sehr-fein-330G.html,https://www.edeka24.de/out/pictures/generated/product/1/540_540_90/edeka_brechbohnen_sehr_fein_330g.jpg
2589,Lebensmittel,Konserven,Gemüsekonserven,Spreewaldhof Spreewälder Jungs 670G,"2,29 €","6,36 €/kg","inkl. MwSt., zzgl. 4.95 € Versandkosten.",lieferbar innerhalb von 2-5 Werktagen,2023-05-03 01:22:13.799254,"Abtropfgewicht 360G. Gewürzgurken, groß.",,"Verantwortliches Lebensmittelunternehmen:
Spreewaldkonserve Golßen GmbH, Bahnhofstraße 1, 15938 Golßen","Zutatenverzeichnis: Gurken, Branntweinessig, Zucker, Zwiebeln, Salz, Dill, SENFKÖRNER, Gewürze, Gewürzextrakte.",150,35,"0,1","0,1","6,8","6,7","0,5","1,4",https://www.edeka24.de/Lebensmittel/Konserven/Gemuesekonserven/Spreewaldhof-Spreewaelder-Jungs-670G.html,https://www.edeka24.de/out/pictures/generated/product/1/540_540_90/spreewaldhof_spreewamp228lder_jungs_gewamp252rzgurken_auslese_spreewamp228lder_gurken_670g.jpg
2590,Lebensmittel,Konserven,Gemüsekonserven,Spreewald Selleriesalat 650G,"1,59 €","4,30 €/kg","inkl. MwSt., zzgl. 4.95 € Versandkosten.",lieferbar innerhalb von 2-5 Werktagen,2023-05-03 01:22:16.285406,Abtropfgewicht: 370G. Sellerie-Salat Streifen mit Zucker und Süßungsmittel,Hinweis zur Aufbewahrung: Nach dem Öffnen kühl lagern und zügig verbrauchen.,"Verantwortliches Lebensmittelunternehmen:
Spreewald-Feldmann GmbH, Majoransheide 14 15907 Lübben","Zutatenverzeichnis: SELLERIE, Branntweinessig, Zucker, Salz, Säuerungsmittel Citronensäure, natürliches Aroma, Süßungsmittel Saccharin",130,31,"0,1","0,1","5,2",3,"0,6",1,https://www.edeka24.de/Lebensmittel/Konserven/Gemuesekonserven/Spreewald-Selleriesalat-650G.html,https://www.edeka24.de/out/pictures/generated/product/1/540_540_90/spreewaldselleriesalat.jpg
2591,Lebensmittel,Konserven,Gemüsekonserven,Hengstenberg Mildessa Mildes Weinsauerkraut 300G,"1,59 €","5,58 €/kg","inkl. MwSt., zzgl. 4.95 € Versandkosten.",lieferbar innerhalb von 2-5 Werktagen,2023-05-03 01:22:18.745605,Abtropfgewicht 285G.,,"Verantwortliches Lebensmittelunternehmen:
Hengstberg GmbH & Co.KG, Mettinger Straße 109, D-73728 Esslingen","Zutatenverzeichnis: Weißkohl, Wein, Salz",22,91,"0,1","0,09","1,9","1,7","1,5","1,1",https://www.edeka24.de/Lebensmittel/Konserven/Gemuesekonserven/Hengstenberg-Mildessa-Mildes-Weinsauerkraut-300G.html,https://www.edeka24.de/out/pictures/generated/product/1/540_540_90/hengstenberg_mildessa_mildes_weinsauerkraut_300_g(1).jpg
2592,Lebensmittel,Konserven,Gemüsekonserven,EDEKA Champignons 2. Wahl in Scheiben 530G,"2,79 €","8,86 €/kg","inkl. MwSt., zzgl. 4.95 € Versandkosten.",lieferbar innerhalb von 2-5 Werktagen,2023-05-03 01:22:21.580340,Abtropfgewicht 315G,Hinweis zur Aufbewahrung: Trocken lagern.,"Verantwortliches Lebensmittelunternehmen:
EDEKA ZENTRALE Stiftung & Co. KG, D-22291 Hamburg","Zutatenverzeichnis: Champignons, Wasser, Speisesalz, Säuerungsmittel: Citronensäure, Antioxidationsmittel: Ascorbinsäure.",16,68,"0,2","0,1","0,3","0,1","2,5","0,4",https://www.edeka24.de/Lebensmittel/Konserven/Gemuesekonserven/EDEKA-Champignons-2-Wahl-in-Scheiben-530G.html,https://www.edeka24.de/out/pictures/generated/product/1/540_540_90/edkchamp2.wahlscheiben530g.jpg
2593,Lebensmittel,Konserven,Gemüsekonserven,Spreewald Sellerie-Salat 320G,"1,09 €","5,74 €/kg","inkl. MwSt., zzgl. 4.95 € Versandkosten.",lieferbar innerhalb von 2-5 Werktagen,2023-05-03 01:22:24.704341,Abtropfgewicht: 190G. Sellerie-Salat Streifen mit Zucker und Süßungsmittel,,"Verantwortliches Lebensmittelunternehmen:
Spreewald-Feldmann GmbH, Majoransheide 14 15907 Lübben","Zutatenverzeichnis: SELLERIE, Branntweinessig, Zucker, Salz, Säuerungsmittel Citronensäure, natürliches Aroma, Süßungsmittel Saccharin",31,130,"0,1","0,1","5,2",3,"0,6",1,https://www.edeka24.de/Lebensmittel/Konserven/Gemuesekonserven/Spreewald-Sellerie-Salat-320G.html,https://www.edeka24.de/out/pictures/generated/product/1/540_540_90/sellerie.jpg
2594,Lebensmittel,Konserven,Gemüsekonserven,Hengstenberg Knax Gewürzgurken 330G,"2,19 €","11,84 €/kg","inkl. MwSt., zzgl. 4.95 € Versandkosten.",lieferbar innerhalb von 2-5 Werktagen,2023-05-03 01:22:27.651556,Abtropfgewicht: 185G.,Hinweis zur Aufbewahrung: Nach Anbruch im Kühlschrank frisch halten.,"Verantwortliches Lebensmittelunternehmen:
Hengstberg GmbH & Co.KG, Mettinger Straße 109, D-73728 Esslingen","Zutatenverzeichnis: Gurken, Branntweinessig, Zucker, Salz, Dill, SENFKÖRNER, natürliche Kräuter-Gewürze-Aromen",108,25,"0,2","0,09","4,3","4,2","0,813","1,3",https://www.edeka24.de/Lebensmittel/Konserven/Gemuesekonserven/Hengstenberg-Knax-Gewuerzgurken-330G.html,https://www.edeka24.de/out/pictures/generated/product/1/540_540_90/hengstenberg_knax_gewrzgurken_330_g.jpg
2595,Lebensmittel,Konserven,Gemüsekonserven,Alnatura Bio Baked Beans 360G,"1,79 €","4,97 €/kg","inkl. MwSt., zzgl. 4.95 € Versandkosten.",lieferbar innerhalb von 2-5 Werktagen,2023-05-03 01:22:30.423838,Bio Weiße Bohnen in Tomatensauce,Hinweis zur Aufbewahrung: Nach dem Öffnen im Kühlschrank aufbewahren und binnen 2 Tagen verbrauchen.,"Verantwortliches Lebensmittelunternehmen:
Alnatura Produktions- und Handels GmbH, Mahatma-Gandhi-Str. 7, 64295 Darmstadt","Zutatenverzeichnis: Weiße Bohnen* 60%, Tomatensauce* 36% (Wasser und Tomatenmark*zweifach konzentriert 5%), Rohrohrzucker*, Meersalz, Essig*,Maisstärke**aus biologischer Landwirtschaft.",393,93,"0,5","0,1",14,"4,1","5,6","1,1",https://www.edeka24.de/Lebensmittel/Konserven/Gemuesekonserven/Alnatura-Bio-Baked-Beans-360G.html,https://www.edeka24.de/out/pictures/generated/product/1/540_540_90/alnaturabakbea.jpg
2596,Lebensmittel,Konserven,Gemüsekonserven,EDEKA Snack This! Kidneybohnen mit Mais in Kräuterdressing 160G,"1,59 €","9,94 €/kg","inkl. MwSt., zzgl. 4.95 € Versandkosten.",lieferbar innerhalb von 2-5 Werktagen,2023-05-03 01:22:33.009539,Gemüsemischung aus Kidneybohnen und Mais mit Kräutervinaigrette,"Hinweis zur Aufbewahrung: Trocken lagern. Nach dem Öffnen den Restinhalt der Dose in ein geeignetes Gefäß umfüllen, im Kühlschrank lagern und alsbaldig verbrauchen.","Verantwortliches Lebensmittelunternehmen:
EDEKA ZENTRALE Stiftung & Co. KG, D-22291 Hamburg","Zutatenverzeichnis: 64% Kidney-Bohnen, Rapsöl, 10% Mais, Wasser, Zucker, Speisesalz, Weinbranntweinessig, SENF (Wasser, SENFSAATEN, Branntweinessig, Salz, Gewürze), 0,3% Kräuter, modifizierte Stärke, Kapern, Gewürze.",646,156,"7,7","0,6","8,2","4,7","5,7","1,2",https://www.edeka24.de/Lebensmittel/Konserven/Gemuesekonserven/EDEKA-Snack-This-Kidneybohnen-mit-Mais-in-Kraeuterdressing-160G.html,https://www.edeka24.de/out/pictures/generated/product/1/540_540_90/edeka_kidneybohnen_mit_mais_in_kramp228uterdressing_160g.jpg
2597,Lebensmittel,Konserven,Gemüsekonserven,Dittmann Kapern mild-würzig eingelegt 90G,"2,19 €","36,50 €/kg","inkl. MwSt., zzgl. 4.95 € Versandkosten.",lieferbar innerhalb von 2-5 Werktagen,2023-05-03 01:22:35.797093,Abtropfgewicht: 60G. Kapern- mild würzig eingelegt,Hinweis zur Aufbewahrung: Nach dem Öffnen kühl lagern und innerhalb weniger Tage verbrauchen.,"Verantwortliches Lebensmittelunternehmen:
Reichold Feinkost GmbH, Im Maisel 6 65232 Taunusstein","Zutatenverzeichnis: Kapern, Wasser, Branntweinessig, Speisesalz",30,124,"0,5","0,2","1,9","0,2","1,3","5,85",https://www.edeka24.de/Lebensmittel/Konserven/Gemuesekonserven/Dittmann-Kapern-mild-wuerzig-eingelegt-90G.html,https://www.edeka24.de/out/pictures/generated/product/1/540_540_90/dittmankapern.jpg
2598,Lebensmittel,Konserven,Gemüsekonserven,Alnatura Bio Kichererbsen 350G,"1,49 €","6,77 €/kg","inkl. MwSt., zzgl. 4.95 € Versandkosten.",lieferbar innerhalb von 2-5 Werktagen,2023-05-03 01:22:38.979289,Abtropfgewicht 220G.,Hinweis zur Aufbewahrung: Nach dem Öffnen im Kühlschrank aufbewahren und binnen 3 Tagen verbrauchen.,"Verantwortliches Lebensmittelunternehmen:
Alnatura Produktions- und Handels GmbH, Mahatma-Gandhi-Str. 7, 64295 Darmstadt","Zutatenverzeichnis: Kichererbsen*, Wasser, Meersalz *aus biologischer Landwirtschaft. Kann Spuren von GLUTEN, ERDNÜSSEN, SOJA, MANDELN, NÜSSEN uns SESAM enthalten.",532,127,"2,7","0,3",15,"0,4","7,1","0,35",https://www.edeka24.de/Lebensmittel/Konserven/Gemuesekonserven/Alnatura-Bio-Kichererbsen-350G.html,https://www.edeka24.de/out/pictures/generated/product/1/540_540_90/4104420034167alnaturakichererbsen.png
2599,Lebensmittel,Konserven,Gemüsekonserven,Kühne Rotkohl Original 350G,"1,49 €","4,45 €/kg","inkl. MwSt., zzgl. 4.95 € Versandkosten.",lieferbar innerhalb von 2-5 Werktagen,2023-05-03 01:22:42.503827,Abtropfgewicht 335G.,,"Verantwortliches Lebensmittelunternehmen:
Carl Kühne KG (GmbH & Co.), Kühnehöfe 11, D-22761 Hamburg","Zutatenverzeichnis: Rotkohl, Branntweinessig, Glukose-Fruktose-Sirup, Weinessig, Zucker, Salz",211,50,"0,1","0,1","9,4","7,7","1,3","1,3",https://www.edeka24.de/Lebensmittel/Konserven/Gemuesekonserven/Kuehne-Rotkohl-Original-350G.html,https://www.edeka24.de/out/pictures/generated/product/1/540_540_90/khne_rotkohl_original_350_g.jpg
2600,Lebensmittel,Konserven,Gemüsekonserven,EDEKA Gemüsemais 330G,"1,29 €","4,53 €/kg","inkl. MwSt., zzgl. 4.95 € Versandkosten.",lieferbar innerhalb von 2-5 Werktagen,2023-05-03 01:22:45.387096,"Abtropfgewicht: 285g. Gemüsemais, zart, jung, vakuumverpackt","Hinweis zur Aufbewahrung: Trocken lagern. Nach dem Öffnen den Restinhalt der Dose in ein geeignetes Gefäß umfüllen, kühl lagern und alsbaldig verbrauchen.","Verantwortliches Lebensmittelunternehmen:
EDEKA ZENTRALE Stiftung & Co. KG, D-22291 Hamburg","Zutatenverzeichnis: Maiskörner, Wasser, Speisesalz.",344,82,"2,5","0,4",11,"6,1","2,5","0,4",https://www.edeka24.de/Lebensmittel/Konserven/Gemuesekonserven/EDEKA-Gemuesemais-330G.html,https://www.edeka24.de/out/pictures/generated/product/1/540_540_90/edeka_gemsemais.jpg
2601,Lebensmittel,Konserven,Gemüsekonserven,Bonduelle Möhrchen zart und extra fein 200G,"1,39 €","10,69 €/kg","inkl. MwSt., zzgl. 4.95 € Versandkosten.",lieferbar innerhalb von 2-5 Werktagen,2023-05-03 01:22:55.849701,Abtropfgewicht: 130g.,,"Verantwortliches Lebensmittelunternehmen:
Bonduelle Deutschland GmbH, Am Heilbrunnen 136/138, D-72766 Reutlingen","Zutatenverzeichnis: Möhrchen, Wasser, Salz.",23,98,"0,3","0,1","3,4","2,2","0,6","0,55",https://www.edeka24.de/Lebensmittel/Konserven/Gemuesekonserven/Bonduelle-Moehrchen-zart-und-extra-fein-200G.html,https://www.edeka24.de/out/pictures/generated/product/1/540_540_90/bonduelle_mhrchen_feinste_auslese_200_g.jpg
2602,Lebensmittel,Konserven,Gemüsekonserven,Hengstenberg Burger-Gurken 330G,"2,19 €","11,84 €/kg","inkl. MwSt., zzgl. 4.95 € Versandkosten.",lieferbar innerhalb von 2-5 Werktagen,2023-05-03 01:23:02.528610,Abtropfgewicht 185G,,"Verantwortliches Lebensmittelunternehmen:
Hengstenberg GmbH & Co. KG, 73726 Esslingen","Zutatenverzeichnis: Gurken, Branntweinessig, Zucker, Salz, Dill, SENFKÖRNER, Kräuterextrakte, Gewürzextrakte, Farbstoff Riboflavin.",28,119,"0,1","0,09","5,6","5,5","0,338","1,2",https://www.edeka24.de/Lebensmittel/Konserven/Gemuesekonserven/Hengstenberg-Burger-Gurken-330G.html,https://www.edeka24.de/out/pictures/generated/product/1/540_540_90/hengstenberg_burgergurken_330g(1).jpg
2603,Lebensmittel,Konserven,Gemüsekonserven,EDEKA Chili Mix 400G,"1,49 €","3,73 €/kg","inkl. MwSt., zzgl. 4.95 € Versandkosten.",lieferbar innerhalb von 2-5 Werktagen,2023-05-03 01:23:05.348319,"Gemüsemischung aus Kidneybohnen, Mais, Tomaten und Zwiebeln mit pikanter Tomatensauce mit Chili","Hinweis zur Aufbewahrung: Trocken lagern. Nach dem Öffnen den Restinhalt der Dose in ein geeignetes Gefäß umfüllen, kühl lagern und alsbaldig verbrauchen.","Verantwortliches Lebensmittelunternehmen:
EDEKA ZENTRALE Stiftung & Co. KG, D-22291 Hamburg","Zutatenverzeichnis: 38% Tomatensauce (Wasser, Zucker, Tomatenmark doppelt konzentriert, Sonnenblumenöl, modifizierte Stärke, Speisesalz, Gewürze), 32% Gemüse in veränderlichen Gewichtsanteilen (Mais, Tomaten, Zwiebeln),30% Kidneybohnen. Das Produkt kann Spuren von SOJA enthalten.",362,86,1,"0,1",13,"4,7","4,3","0,25",https://www.edeka24.de/Lebensmittel/Konserven/Gemuesekonserven/EDEKA-Chili-Mix-400G.html,https://www.edeka24.de/out/pictures/generated/product/1/540_540_90/edeka_chili_mix_400_g.jpg
2604,Lebensmittel,Konserven,Gemüsekonserven,Kühne Mixed Pickels 330G,"2,09 €","11,00 €/kg","inkl. MwSt., zzgl. 4.95 € Versandkosten.",lieferbar innerhalb von 2-5 Werktagen,2023-05-03 01:23:08.465396,Abtropfgewicht: 190G.,,"Verantwortliches Lebensmittelunternehmen:
Carl Kühne KG (GmbH & Co.), Kühnehöfe 11, D-22761 Hamburg","Zutatenverzeichnis: Gemüse in veränderlichen Gewichtsanteilen (Gurken, Blumenkohl, Zwiebeln, Paprika, Karotten, Maiskölbchen), Wasser, Branntweinessig, Glukose-Fruktose-Sirup, Salz, Zucker, natürliches Aroma",153,36,"0,3","0,1",6,"3,7",1,"1,2",https://www.edeka24.de/Lebensmittel/Konserven/Gemuesekonserven/Kuehne-Mixed-Pickels-330G.html,https://www.edeka24.de/out/pictures/generated/product/1/540_540_90/khne_gurken_mixed_pickels.jpg
2605,Lebensmittel,Konserven,Gemüsekonserven,EDEKA Finger Möhrchen extra fein 330G,"1,09 €","4,95 €/kg","inkl. MwSt., zzgl. 4.95 € Versandkosten.",lieferbar innerhalb von 2-5 Werktagen,2023-05-03 01:23:12.355101,Abtropfgewicht: 200G. Fingermöhrchen extra fein.,Hinweis zur Aufbewahrung: Trocken lagern. Nach dem Öffnen kühl lagern und alsbaldig verbrauchen.,"Verantwortliches Lebensmittelunternehmen:
EDEKA ZENTRALE Stiftung & Co. KG, D-22291 Hamburg","Zutatenverzeichnis: Möhrchen, Wasser, Speisesalz.",98,23,"0,1","0,1","3,3","2,7","0,6","0,49",https://www.edeka24.de/Lebensmittel/Konserven/Gemuesekonserven/EDEKA-Finger-Moehrchen-extra-fein-330G.html,https://www.edeka24.de/out/pictures/generated/product/1/540_540_90/edeka_finger_mhrchen_extra_fein_330g.jpg
2606,Lebensmittel,Konserven,Gemüsekonserven,EDEKA Edamame 150G,"1,79 €","13,77 €/kg","inkl. MwSt., zzgl. 4.95 € Versandkosten.",lieferbar innerhalb von 2-5 Werktagen,2023-05-03 01:23:16.031430,Abtropfgewicht 130G. Edamame Sojabohnenkerne,"Hinweis zur Aufbewahrung: Trocken lagern. Nach dem Öffnen in ein geeignetes Gefäß umfüllen, im Kühlschrank lagern und alsbaldig verbrauchen.","Verantwortliches Lebensmittelunternehmen:
EDEKA ZENTRALE Stiftung & Co. KG, D-22291 Hamburg","Zutatenverzeichnis: SOJABOHNENKERNE, Wasser, Salz, Festigungsmittel: Calciumchlorid.",465,111,"4,8","0,8",5,"3,3","9,5","0,3",https://www.edeka24.de/Lebensmittel/Konserven/Gemuesekonserven/EDEKA-Edamame-150G.html,https://www.edeka24.de/out/pictures/generated/product/1/540_540_90/edeka_edamame_150g.jpg
2607,Lebensmittel,Konserven,Gemüsekonserven,Bonduelle Grüne Brechbohnen fein 200G,"1,39 €","12,64 €/kg","inkl. MwSt., zzgl. 4.95 € Versandkosten.",lieferbar innerhalb von 2-5 Werktagen,2023-05-03 01:23:19.069919,Abtropfgewicht 110G.,,"Verantwortliches Lebensmittelunternehmen:
Bonduelle Deutschland GmbH, Am Heilbrunnen 136/138, D-72766 Reutlingen","Zutatenverzeichnis: Grüne Bohnen, Wasser, Salz, ohne zuges. Aromen.",26,110,"0,4","0,1",3,"0,5","1,4","0,57",https://www.edeka24.de/Lebensmittel/Konserven/Gemuesekonserven/Bonduelle-Gruene-Brechbohnen-fein-200G.html,https://www.edeka24.de/out/pictures/generated/product/1/540_540_90/bonduelgrnebbfein.jpg
2608,Lebensmittel,Konserven,Gemüsekonserven,EDEKA Bio Sauerkraut 520G,"1,19 €","2,38 €/kg","inkl. MwSt., zzgl. 4.95 € Versandkosten.",lieferbar innerhalb von 2-5 Werktagen,2023-05-03 01:23:22.006176,Abtropfgewicht 500G.,"Hinweis zur Aufbewahrung: Trocken lagern. Nach dem Öffnen den Restinhalt in ein geeignetes Gefäß umfüllen, kühl lagern und alsbaldig verbrauchen.","Verantwortliches Lebensmittelunternehmen:
EDEKA ZENTRALE Stiftung & Co. KG, D-22291 Hamburg","Zutatenverzeichnis: Weisskohl*, Meersalz. * aus kontrolliert ökologischer Landwirtschaft.",126,30,"0,1","0,1","3,8","1,6","1,2",1,https://www.edeka24.de/Lebensmittel/Konserven/Gemuesekonserven/EDEKA-Bio-Sauerkraut-520G.html,https://www.edeka24.de/out/pictures/generated/product/1/540_540_90/bio_edeka_sauerkraut_520g.jpg
2609,Lebensmittel,Konserven,Gemüsekonserven,EDEKA Champignons Mini 1. Wahl ganze Köpfe 800G,"4,59 €","9,98 €/kg","inkl. MwSt., zzgl. 4.95 € Versandkosten.",lieferbar innerhalb von 2-5 Werktagen,2023-05-03 01:23:24.742374,Abtropfgewicht 460G,Hinweis zur Aufbewahrung: Trocken lagern.,"Verantwortliches Lebensmittelunternehmen:
EDEKA ZENTRALE Stiftung & Co. KG, D-22291 Hamburg","Zutatenverzeichnis: Champignons, Wasser, Speisesalz, Säuerungsmittel: Citronensäure, Antioxidationsmittel: Ascorbinsäure.",86,21,"0,5",0,"0,6",0,"2,3","0,6",https://www.edeka24.de/Lebensmittel/Konserven/Gemuesekonserven/EDEKA-Champignons-Mini-1-Wahl-ganze-Koepfe-800G.html,https://www.edeka24.de/out/pictures/generated/product/1/540_540_90/edeka_champignons_mini_1_wahl_ganze_kpfe.jpg
2610,Lebensmittel,Konserven,Gemüsekonserven,Alnatura Bio Rotkohl 680G,"1,59 €","2,45 €/kg","inkl. MwSt., zzgl. 4.95 € Versandkosten.",lieferbar innerhalb von 2-5 Werktagen,2023-05-03 01:23:28.381413,Abtropfgewicht 650G,Hinweis zur Aufbewahrung: Nach dem Öffnen im Kühlschrank aufbewahren und innerhalb von 5 Tagen verbrauchen.,"Verantwortliches Lebensmittelunternehmen:
Alnatura Produktions- und Handels GmbH, Mahatma-Gandhi-Str. 7, 64295 Darmstadt","Zutatenverzeichnis: Rotkohl*, Apfelsaft* aus Apfelsaftkonzentrat*, Rohrohrzucker*, Rotweinessig*, Zwiebeln*, Meersalz, Nelken* *aus biologischer Landwirtschaft .",186,44,"0,5","0,1","8,4","8,4","1,3","1,1",https://www.edeka24.de/Lebensmittel/Konserven/Gemuesekonserven/Alnatura-Bio-Rotkohl-680G.html,https://www.edeka24.de/out/pictures/generated/product/1/540_540_90/alnatura_bio_rotkohl_servierfertig.jpg
2611,Lebensmittel,Konserven,Gemüsekonserven,EDEKA Bio Brechbohnen 400G,"1,29 €","5,73 €/kg","inkl. MwSt., zzgl. 4.95 € Versandkosten.",lieferbar innerhalb von 2-5 Werktagen,2023-05-03 01:23:32.003278,"Abtropfgewicht: 225G. Bio-Brechbohnen, fein","Hinweis zur Aufbewahrung: Trocken lagern. Nach dem Öffnen den Restinhalt der Dose in ein geeignetes Gefäß umfüllen, kühl lagern und alsbaldig verbrauchen.","Verantwortliches Lebensmittelunternehmen:
EDEKA Zentrale Stiftung & Co. KG, 22291 Hamburg","Zutatenverzeichnis: Brechbohnen**, Wasser, Meersalz. **aus kontrolliert ökologischer Landwirtschaft",98,24,"0,1",0,"2,6","0,7","1,5","0,45",https://www.edeka24.de/Lebensmittel/Konserven/Gemuesekonserven/EDEKA-Bio-Brechbohnen-400G.html,https://www.edeka24.de/out/pictures/generated/product/1/540_540_90/bio_edeka_brechbohnen_400g.jpg
2612,Lebensmittel,Konserven,Gemüsekonserven,EDEKA Kicher Erbsen 200G,"0,89 €","6,14 €/kg","inkl. MwSt., zzgl. 4.95 € Versandkosten.",lieferbar innerhalb von 2-5 Werktagen,2023-05-03 01:23:39.328472,Abtropfgewicht: 140g.,"Hinweis zur Aufbewahrung: Nach dem Öffnen den Restinhalt der Dose in ein geeignetes Gefäß umfüllen, kühl lagern und alsbaldig verbrauchen. Trocken lagern.","Verantwortliches Lebensmittelunternehmen:
EDEKA ZENTRALE Stiftung & Co. KG, D-22291 Hamburg","Zutatenverzeichnis: Kichererbsen, Wasser, Speisesalz.",118,493,"2,4","0,4",14,"0,4","6,5","0,48",https://www.edeka24.de/Lebensmittel/Konserven/Gemuesekonserven/EDEKA-Kicher-Erbsen-200G.html,https://www.edeka24.de/out/pictures/generated/product/1/540_540_90/edeka_kicher_erbsen_naturell(1).jpg
2613,Lebensmittel,Konserven,Gemüsekonserven,Mildessa Genießer Rotkohl Portwein 400G,"2,49 €","6,23 €/kg","inkl. MwSt., zzgl. 4.95 € Versandkosten.",lieferbar innerhalb von 2-5 Werktagen,2023-05-03 01:23:42.393745,"Abtropfgewicht 400G. Delikatess-Rotkohl mit Portwein und Preiselbeeren, fertig zubereitet und gewürzt",,"Verantwortliches Lebensmittelunternehmen:
Hengstenberg GmbH & Co. KG, 73726 Esslingen","Zutatenverzeichnis: 66% Rotkohl, Wasser, Zucker, Weinessig, 2% Preiselbeeren, 1,5% Portwein, Johannisbeersaft aus Johannisbeersaftkonzentrat, Salz, natürliche Gewürz-Aromen, natürliches Aroma, modifizierte Stärke",240,57,"0,2","0,09",g,"10,8",g,"1,2",https://www.edeka24.de/Lebensmittel/Konserven/Gemuesekonserven/Mildessa-Geniesser-Rotkohl-Portwein-400G.html,https://www.edeka24.de/out/pictures/generated/product/1/540_540_90/mildessa_genieer_rotkohl_portwein_400g.jpg
2614,Lebensmittel,Konserven,Gemüsekonserven,Bonduelle Goldmais 150G,"1,39 €","9,93 €/kg","inkl. MwSt., zzgl. 4.95 € Versandkosten.",lieferbar innerhalb von 2-5 Werktagen,2023-05-03 01:23:45.640950,"Abtropfgewicht: 140g. Gemüsemais, vakuumverpackt.",,"Verantwortliches Lebensmittelunternehmen:
Bonduelle Deutschland GmbH, D-72766 Reutlingen, Am Heilbrunnen 136/138","Zutatenverzeichnis: Gemüsemais, Wasser, Salz.",334,80,"1,9","0,5","10,8","5,2","2,9","0,4",https://www.edeka24.de/Lebensmittel/Konserven/Gemuesekonserven/Bonduelle-Goldmais-150G.html,https://www.edeka24.de/out/pictures/generated/product/1/540_540_90/bonduelle_goldmais_150g.jpg
2615,Lebensmittel,Konserven,Gemüsekonserven,EDEKA Gourmet Sauerkraut 400G,"1,19 €","3,17 €/kg","inkl. MwSt., zzgl. 4.95 € Versandkosten.",lieferbar innerhalb von 2-5 Werktagen,2023-05-03 01:23:49.047118,"Abtropfgewicht 375G. Sauerkraut, pasteurisiert, gewürzt","Hinweis zur Aufbewahrung: Trocken lagern. Nach dem Öffnen den Restinhalt in ein geeignetes Gefäß umfüllen, kühl lagern und alsbaldig verbrauchen.","Verantwortliches Lebensmittelunternehmen:
EDEKA ZENTRALE Stiftung & Co. KG, D-22291 Hamburg","Zutatenverzeichnis: Weißkohl, Apfelsaft aus Apfelsaftkonzentrat, 2% Zwiebeln, Speisesalz, Invertzuckersirup, Gemüseextrakte (Karotte, Lauch), Gewürzextrakte, Antioxidationsmittel: Ascorbinsäure.",141,33,"0,1","0,1","5,4","5,3","0,9","1,2",https://www.edeka24.de/Lebensmittel/Konserven/Gemuesekonserven/EDEKA-Gourmet-Sauerkraut-400G.html,https://www.edeka24.de/out/pictures/generated/product/1/540_540_90/egormetsauerkraut.jpg
2616,Lebensmittel,Konserven,Gemüsekonserven,Herr Edelmann Pfefferoni rot scharf 320G,"2,59 €","15,70 €/kg","inkl. MwSt., zzgl. 4.95 € Versandkosten.",lieferbar innerhalb von 2-5 Werktagen,2023-05-03 01:23:51.681688,"Abtropfgewicht 165G. Pfefferoni, rot, scharf",Hinweis zur Aufbewahrung: Nach erster Öffnung wieder gut verschließen und im Kühlschrank aufbewahren.,"Verantwortliches Lebensmittelunternehmen:
Huberti GmbH, Dorfstr. 61, 40667 Meerbusch","Zutatenverzeichnis: Rote Pfefferoni, Wasser, Salz, Säuerungsmittel: Essigsäure, Citronensäure.",101,20,"0,16",0,"2,4","2,3","0,5","1,5",https://www.edeka24.de/Lebensmittel/Konserven/Gemuesekonserven/Herr-Edelmann-Pfefferoni-rot-scharf-320G.html,https://www.edeka24.de/out/pictures/generated/product/1/540_540_90/herr_edelmann_pfefferoni_rot_scharf_320_g.jpg
2617,Lebensmittel,Konserven,Gemüsekonserven,EDEKA Snack This! Kichererbsen in Currysauce 160G,"1,59 €","9,94 €/kg","inkl. MwSt., zzgl. 4.95 € Versandkosten.",lieferbar innerhalb von 2-5 Werktagen,2023-05-03 01:23:54.400055,"Gemüsemischung aus Kichererbsen, Kürbis und Zwiebeln mit Currysauce","Hinweis zur Aufbewahrung: Trocken lagern. Nach dem Öffnen den Restinhalt der Dose in ein geeignetes Gefäß umfüllen, im Kühlschrank lagern und alsbaldig verbrauchen.","Verantwortliches Lebensmittelunternehmen:
EDEKA ZENTRALE Stiftung & Co. KG, D-22291 Hamburg","Zutatenverzeichnis: 63% Kichererbsen, Wasser, Rapsöl, 7,5% Kürbiswürfel, 3,7% Zwiebelwürfel, Branntweinessig, Orangensaftkonzentrat, Speisesalz, 0,9% Curry, Kokosnusscreme (Kokosnussfleisch, Wasser), Gewürze, modifizierte Stärke.",675,163,"9,7","0,8","6,7","1,1",6,"1,1",https://www.edeka24.de/Lebensmittel/Konserven/Gemuesekonserven/EDEKA-Snack-This-Kichererbsen-in-Currysauce-160G.html,https://www.edeka24.de/out/pictures/generated/product/1/540_540_90/edeka_kichererbsen_in_curry_160g.jpg
2618,Lebensmittel,Konserven,Gemüsekonserven,EDEKA Spargel Spitzen 280G,"2,99 €","17,59 €/kg","inkl. MwSt., zzgl. 4.95 € Versandkosten.",lieferbar innerhalb von 2-5 Werktagen,2023-05-03 01:23:57.227845,Abtropfgewicht: 165g. Spargelspitzen,Hinweis zur Aufbewahrung: Trocken lagern. Nach dem Öffnen kühl lagern und alsbaldig verbrauchen.,"Verantwortliches Lebensmittelunternehmen:
EDEKA ZENTRALE Stiftung & Co. KG, D-22291 Hamburg","Zutatenverzeichnis: Spargel, Wasser, Zucker, Speisesalz, Säuerungsmittel: Citronensäure; Antioxidationmittel: Ascorbinsäure.",22,92,0,0,"3,6","1,6",1,"0,74",https://www.edeka24.de/Lebensmittel/Konserven/Gemuesekonserven/EDEKA-Spargel-Spitzen-280G.html,https://www.edeka24.de/out/pictures/generated/product/1/540_540_90/edeka_spargel_spitzen_280_g.jpg
2619,Lebensmittel,Konserven,Gemüsekonserven,Hengstenberg Mildessa Sauerkraut 810G,"2,49 €","3,23 €/kg","inkl. MwSt., zzgl. 4.95 € Versandkosten.",lieferbar innerhalb von 2-5 Werktagen,2023-05-03 01:24:00.248271,Abtropfgewicht 770G. Mildes Weinsauerkraut,,"Verantwortliches Lebensmittelunternehmen:
Hengstberg GmbH & Co.KG, Mettinger Straße 109, D-73728 Esslingen","Zutatenverzeichnis: Weißkohl, Wein, Salz.",22,91,"0,1","0,09","1,9","1,7","1,5","1,1",https://www.edeka24.de/Lebensmittel/Konserven/Gemuesekonserven/Hengstenberg-Mildessa-Sauerkraut-810G.html,https://www.edeka24.de/out/pictures/generated/product/1/540_540_90/hengstenberg_mildessa_sauerkraut_810_g.jpg
2620,Lebensmittel,Konserven,Gemüsekonserven,Kühne 2 Minuten Sauerkraut mit feinen Schinkenwürfen 400G,"1,89 €","4,73 €/kg","inkl. MwSt., zzgl. 4.95 € Versandkosten.",lieferbar innerhalb von 2-5 Werktagen,2023-05-03 01:24:03.310491,-,,"Verantwortliches Lebensmittelunternehmen:
Carl Kühne KG (GmbH & Co.), Kühnehöfe 11, D-22761 Hamburg","Zutatenverzeichnis: Sauerkraut 93 % (Weißkohl, Salz), Schwarzwälder Schinken g.g.A. 3 % (Schweinehinterschinken, Salz, Gewürze, Dextrose, Tannenholzrauch), Zucker, modifizierte Stärke, Würze, Antioxidationsmittel: Ascorbinsäure",48,202,"0,7","0,1","6,5","2,9",2,"1,3",https://www.edeka24.de/Lebensmittel/Konserven/Gemuesekonserven/Kuehne-2-Minuten-Sauerkraut-mit-feinen-Schinkenwuerfen-400G.html,https://www.edeka24.de/out/pictures/generated/product/1/540_540_90/khnespecksauerkrautt.jpg
2621,Lebensmittel,Konserven,Gemüsekonserven,Bonduelle Bio Goldmais 150G,"1,89 €","13,50 €/kg","inkl. MwSt., zzgl. 4.95 € Versandkosten.",lieferbar innerhalb von 2-5 Werktagen,2023-05-03 01:24:06.003600,"Abtropfgewicht. 140g. Gemüsemais, vakuumverpackt.",,"Verantwortliches Lebensmittelunternehmen:
Bonduelle Deutschland GmbH, D-72766 Reutlingen, Am Heilbrunnen 136/138","Zutatenverzeichnis: Gemüsemais (EU-Landwirtschaft aus kontr.ökolog. Vertragsanbau), Wasser, Salz.",334,80,"1,9","0,5","10,8","5,2","2,9","0,4",https://www.edeka24.de/Lebensmittel/Konserven/Gemuesekonserven/Bonduelle-Bio-Goldmais-150G.html,https://www.edeka24.de/out/pictures/generated/product/1/540_540_90/bio_bondgemuesemais_150g.jpg
2622,Lebensmittel,Konserven,Gemüsekonserven,EDEKA Kicher Erbsen 400G,"1,39 €","5,25 €/kg","inkl. MwSt., zzgl. 4.95 € Versandkosten.",lieferbar innerhalb von 2-5 Werktagen,2023-05-03 01:24:08.726626,Abtropfgewicht 265G.,"Hinweis zur Aufbewahrung: Nach dem Öffnen den Restinhalt der Dose in ein geeignetes Gefäß umfüllen, kühl lagern und alsbaldig verbrauchen. Trocken lagern.","Verantwortliches Lebensmittelunternehmen:
EDEKA ZENTRALE Stiftung & Co. KG, D-22291 Hamburg","Zutatenverzeichnis: Kichererbsen, Wasser, Speisesalz.",482,115,"1,3","0,2","17,5",2,"5,4","0,48",https://www.edeka24.de/Lebensmittel/Konserven/Gemuesekonserven/EDEKA-Kicher-Erbsen-400G.html,https://www.edeka24.de/out/pictures/generated/product/1/540_540_90/edeka_kicher_erbsen.jpg
2623,Lebensmittel,Konserven,Gemüsekonserven,EDEKA Spargel Stangen 520G,"3,89 €","12,16 €/kg","inkl. MwSt., zzgl. 4.95 € Versandkosten.",lieferbar innerhalb von 2-5 Werktagen,2023-05-03 01:24:11.272254,"Abtropfgewicht 320G. Spargelstangen, rein weiß",Hinweis zur Aufbewahrung: Trocken lagern.,"Verantwortliches Lebensmittelunternehmen:
EDEKA ZENTRALE Stiftung & Co. KG, D-22291 Hamburg","Zutatenverzeichnis: Spargel, Wasser, Speisesalz, Säuerungsmittel: Citronensäure.",23,98,"0,9","0,3","1,5","1,5","1,6","0,75",https://www.edeka24.de/Lebensmittel/Konserven/Gemuesekonserven/EDEKA-Spargel-Stangen-520G.html,https://www.edeka24.de/out/pictures/generated/product/1/540_540_90/edeka_stangenspargel(1).jpg
2624,Lebensmittel,Konserven,Gemüsekonserven,EDEKA Champignons 2. Wahl in Scheiben 330G,"2,19 €","10,95 €/kg","inkl. MwSt., zzgl. 4.95 € Versandkosten.",lieferbar innerhalb von 2-5 Werktagen,2023-05-03 01:24:15.006405,Abtropfgewicht 200G,Hinweis zur Aufbewahrung: Trocken lagern.,"Verantwortliches Lebensmittelunternehmen:
EDEKA ZENTRALE Stiftung & Co. KG, D-22291 Hamburg","Zutatenverzeichnis: Champignons, Wasser, Speisesalz, Säuerungsmittel: Citronensäure, Antioxidationsmittel: Ascorbinsäure.",68,16,"0,2","0,1","0,3","0,1","2,5",1,https://www.edeka24.de/Lebensmittel/Konserven/Gemuesekonserven/EDEKA-Champignons-2-Wahl-in-Scheiben-330G.html,https://www.edeka24.de/out/pictures/generated/product/1/540_540_90/edeka_champignons_2_wahl_in_scheiben(2).jpg
2625,Lebensmittel,Konserven,Gemüsekonserven,EDEKA Kidney-Bohnen 800G,"2,19 €","4,13 €/kg","inkl. MwSt., zzgl. 4.95 € Versandkosten.",lieferbar innerhalb von 2-5 Werktagen,2023-05-03 01:24:18.644518,Abtropfgewicht 530G.,"Hinweis zur Aufbewahrung: Nach dem Öffnen den Restinhalt der Dose in ein geeignetes Gefäß umfüllen, kühl lagern und alsbaldig verbrauchen. Trocken lagern.","Verantwortliches Lebensmittelunternehmen:
EDEKA ZENTRALE Stiftung & Co. KG, D-22291 Hamburg","Zutatenverzeichnis: Kidneybohnen, Wasser, Zucker, Speisesalz, modifizierte Stärke, Festigungsmittel: Calciumchlorid.",106,447,"0,5","0,1","14,4","1,9","7,7","0,73",https://www.edeka24.de/Lebensmittel/Konserven/Gemuesekonserven/EDEKA-Kidney-Bohnen-800G.html,https://www.edeka24.de/out/pictures/generated/product/1/540_540_90/kidneybohnenedeka-2(1).png
2626,Lebensmittel,Konserven,Gemüsekonserven,Bonduelle Grüne Bohnen zart und fein 400G,"1,89 €","8,59 €/kg","inkl. MwSt., zzgl. 4.95 € Versandkosten.",lieferbar innerhalb von 2-5 Werktagen,2023-05-03 01:24:21.637414,Abtropfgewicht: 220g.,,"Verantwortliches Lebensmittelunternehmen:
Bonduelle Deutschland GmbH, D-72766 Reutlingen, Am Heilbrunnen 136/138","Zutatenverzeichnis: Grüne Bohnen, Wasser, Salz.",26,111,"0,2",0,"3,1",1,"1,6","0,57",https://www.edeka24.de/Lebensmittel/Konserven/Gemuesekonserven/Bonduelle-Gruene-Bohnen-zart-und-fein-400G.html,https://www.edeka24.de/out/pictures/generated/product/1/540_540_90/bondgrbohnen_sehr_fein_400g.jpg
2627,Lebensmittel,Konserven,Gemüsekonserven,Filder Spitzbüble feinmildes Weinsauerkraut 810G,"2,39 €","3,10 €/kg","inkl. MwSt., zzgl. 4.95 € Versandkosten.",lieferbar innerhalb von 2-5 Werktagen,2023-05-03 01:24:24.350711,Abtropfgewicht 770G.,,"Verantwortliches Lebensmittelunternehmen:
Fritz Schlecht Sauerkonserven, Johannesstr. 2 70794 Filderstadt","Zutatenverzeichnis: Weisskohl, Wein, Salz",22,91,"0,1","0,1","1,9","1,7","1,5",1,https://www.edeka24.de/Lebensmittel/Konserven/Gemuesekonserven/Filder-Spitzbueble-feinmildes-Weinsauerkraut-810G.html,https://www.edeka24.de/out/pictures/generated/product/1/540_540_90/filderboykraut.jpg
2628,Lebensmittel,Konserven,Gemüsekonserven,EDEKA Braune Linsen 400G,"1,39 €","5,25 €/kg","inkl. MwSt., zzgl. 4.95 € Versandkosten.",lieferbar innerhalb von 2-5 Werktagen,2023-05-03 01:24:26.958801,Abtropfgewicht: 265G,"Hinweis zur Aufbewahrung: Trocken lagern. Nach dem Öffnen den Restinhalt der Dose in ein geeignetes Gefäß umfüllen, kühl lagern und alsbaldig verbrauchen.","Verantwortliches Lebensmittelunternehmen:
EDEKA ZENTRALE Stiftung & Co. KG, D-22291 Hamburg","Zutatenverzeichnis: Linsen, Wasser, Speisesalz, Antioxidationsmittel: Ascorbinsäure.",370,88,"0,3","0,1","13,2","0,3","5,5","0,5",https://www.edeka24.de/Lebensmittel/Konserven/Gemuesekonserven/EDEKA-Braune-Linsen-400G.html,https://www.edeka24.de/out/pictures/generated/product/1/540_540_90/edeka_braune_linsen_400g.jpg
2629,Lebensmittel,Konserven,Gemüsekonserven,EDEKA Spargel Stangen 330G,"2,89 €","14,10 €/kg","inkl. MwSt., zzgl. 4.95 € Versandkosten.",lieferbar innerhalb von 2-5 Werktagen,2023-05-03 01:24:29.993784,"Abtropfgewicht: 205g. Spargelstangen, rein weiß",Hinweis zur Aufbewahrung: Trocken lagern. Nach dem Öffnen den Restinhalt kühl lagern und alsbaldig verbrauchen.,"Verantwortliches Lebensmittelunternehmen:
EDEKA ZENTRALE Stiftung & Co. KG, D-22291 Hamburg","Zutatenverzeichnis: Spargel, Wasser, Speisesalz, Säuerungsmittel: Citronenesäure.",98,23,"0,9",0,"1,5","1,5","1,6","0,75",https://www.edeka24.de/Lebensmittel/Konserven/Gemuesekonserven/EDEKA-Spargel-Stangen-330G.html,https://www.edeka24.de/out/pictures/generated/product/1/540_540_90/edeka_stangenspargel.jpg
2630,Lebensmittel,Konserven,Gemüsekonserven,Kühne Moskauer Gurken mit Borretsch und Koriander 670G,"2,39 €","6,64 €/kg","inkl. MwSt., zzgl. 4.95 € Versandkosten.",lieferbar innerhalb von 2-5 Werktagen,2023-05-03 01:24:33.233745,Abtropfgewicht 360G.,Hinweis zur Aufbewahrung: Nach Anbruch kühl lagern.,"Verantwortliches Lebensmittelunternehmen:
Carl Kühne KG (GmbH & Co.), Kühnehöfe 11, D-22761 Hamburg","Zutatenverzeichnis: Gurken, Branntweinessig, Glukose-Fruktose-Sirup, SENFSAAT, Zwiebeln, Dill, Borretsch, Koriander, Salz, Zucker, natürliches Aroma",30,127,"0,2","0,1","4,9","4,7","0,9","1,5",https://www.edeka24.de/Lebensmittel/Konserven/Gemuesekonserven/Kuehne-Moskauer-Gurken-mit-Borretsch-und-Koriander-670G.html,https://www.edeka24.de/out/pictures/generated/product/1/540_540_90/khnemoskauergurken.jpg
2631,Lebensmittel,Konserven,Gemüsekonserven,Kühne Dillschnitten 670G,"2,39 €","6,64 €/kg","inkl. MwSt., zzgl. 4.95 € Versandkosten.",lieferbar innerhalb von 2-5 Werktagen,2023-05-03 01:24:36.376307,Abtropfgewicht 360G. Gurkenscheiben,,"Verantwortliches Lebensmittelunternehmen:
Carl Kühne KG (GmbH & Co.), Kühnehöfe 11, D-22761 Hamburg","Zutatenverzeichnis: Gurken, Branntweinessig, Glukose-Fruktose-Sirup, Zucker, SENFSAAT, Paprika, Zwiebeln, Dill, Salz, natürliches Aroma, Antioxidationsmittel Ascorbinsäure, Farbstoff Riboflavin",185,44,"0,1","0,1","8,9","8,5","0,6","1,4",https://www.edeka24.de/Lebensmittel/Konserven/Gemuesekonserven/Kuehne-Dillschnitten-670G.html,https://www.edeka24.de/out/pictures/generated/product/1/540_540_90/khne_dillschnitten.jpg
2632,Lebensmittel,Konserven,Gemüsekonserven,Hengstenberg Mildessa Rotkraut 300G,"1,69 €","5,93 €/kg","inkl. MwSt., zzgl. 4.95 € Versandkosten.",lieferbar innerhalb von 2-5 Werktagen,2023-05-03 01:24:39.591553,"Abtropfgewicht 285G. Rotkohl, tafelfertig und fein gewürzt",,"Verantwortliches Lebensmittelunternehmen:
Hengstberg GmbH & Co.KG, Mettinger Straße 109, D-73728 Esslingen","Zutatenverzeichnis: Rotkohl, Zucker, Branntweinessig, Weinessig, Salz, natürliches Gewürz-Aroma",186,44,"0,2","0,09","7,6","7,5","1,2","1,1",https://www.edeka24.de/Lebensmittel/Konserven/Gemuesekonserven/Hengstenberg-Mildessa-Rotkraut-300G.html,https://www.edeka24.de/out/pictures/generated/product/1/540_540_90/hengstenberg_mildessa_rotkraut_300_g.jpg
2633,Lebensmittel,Konserven,Gemüsekonserven,Kühne Süße Gürkchen Schlemmertöpfchen 300G,"3,49 €","18,37 €/kg","inkl. MwSt., zzgl. 4.95 € Versandkosten.",lieferbar innerhalb von 2-5 Werktagen,2023-05-03 01:24:42.703075,Abtropfgewicht 190G. Cornichons,,"Verantwortliches Lebensmittelunternehmen:
Carl Kühne KG (GmbH & Co.), Kühnehöfe 11, D-22761 Hamburg","Zutatenverzeichnis: Gurken, Branntweinessig, Glukose-Fruktose-Sirup, Wasser, Zucker, Honig, Senfsaat, Salz, natürliches Aroma, Farbstoff Riboflavin",65,276,"0,2","0,1",13,12,"1,4","1,7",https://www.edeka24.de/Lebensmittel/Konserven/Gemuesekonserven/Kuehne-Suesse-Guerkchen-Schlemmertoepfchen-300G.html,https://www.edeka24.de/out/pictures/generated/product/1/540_540_90/khne_se_grkchen_schlemmertpfchen.jpg
2634,Lebensmittel,Konserven,Gemüsekonserven,EDEKA Pilz Melange 290G,"3,19 €","20,58 €/kg","inkl. MwSt., zzgl. 4.95 € Versandkosten.",lieferbar innerhalb von 2-5 Werktagen,2023-05-03 01:24:46.183081,Abtropfgewicht 155G,Hinweis zur Aufbewahrung: Trocken lagern. Nach dem Öffnen den Restinhalt kühl lagern und alsbaldig verzehren. mindestens haltbar bis: siehe Deckelrand,"Verantwortliches Lebensmittelunternehmen:
EDEKA ZENTRALE Stiftung & Co. KG, D-22291 Hamburg","Zutatenverzeichnis: Pilze in veränderlichen Gewichtsanteilen (Pfifferlinge, Shiitake, Kräuterseitlinge, Champignons), Wasser, Speisesalz, Säuerungsmittel: Citronensäure; Antioxidationsmittel: Ascorbinsäure.",21,88,"0,7","0,2",1,"0,1","1,8","0,52",https://www.edeka24.de/Lebensmittel/Konserven/Gemuesekonserven/EDEKA-Pilz-Melange-290G.html,https://www.edeka24.de/out/pictures/generated/product/1/540_540_90/edeka_pilz_melange_waldfrisch_290g.jpg
2635,Lebensmittel,Konserven,Gemüsekonserven,Hengstenberg Mildessa Mildes Sauerkraut mit original Schwarzwälder Speck 400G,"2,49 €","7,11 €/kg","inkl. MwSt., zzgl. 4.95 € Versandkosten.",lieferbar innerhalb von 2-5 Werktagen,2023-05-03 01:24:49.328522,"Abtropfgewicht 350G. Mildes Sauerkraut mit Räucherspeck, fertig gekocht und gewürzt.",Hinweis zur Aufbewahrung: Nach Anbruch im Kühlschrank aufbewahren.,"Verantwortliches Lebensmittelunternehmen:
Hengstenberg, 73726 Esslingen","Zutatenverzeichnis: Weißkohl, 4% Räucherspeck (Schweinespeck, Salz, Dextrose, Gewürze, Gewürzextrakte, Konservierungsstoff Natriumnitrit, Rauch), Zucker, Salz, Gewürze, Gemüseextrakte (Karotte, SELLERIE, Lauch), natürliche Gewürz-Aromen, natürliche Aromen (enthält SELLERIE), Antioxidationsmittel Ascorbinsäure.",151,36,"1,9","0,8","1,4","1,3","1,7","1,6",https://www.edeka24.de/Lebensmittel/Konserven/Gemuesekonserven/Hengstenberg-Mildessa-Mildes-Sauerkraut-mit-original-Schwarzwaelder-Speck-400G.html,https://www.edeka24.de/out/pictures/generated/product/1/540_540_90/mildessa_mildes_sauerkraut_mit_speck_400g.jpg
2636,Lebensmittel,Konserven,Gemüsekonserven,Kühne 2 Minuten Rotkohl 700G,"1,99 €","2,84 €/kg","inkl. MwSt., zzgl. 4.95 € Versandkosten.",lieferbar innerhalb von 2-5 Werktagen,2023-05-03 01:24:52.292963,2 Minuten Rotkohl,Hinweis zur Aufbewahrung: Nach Anbruch gekühlt lagern.,"Verantwortliches Lebensmittelunternehmen:
Carl Kühne KG, Kühnehöfe 11, 22761 Hamburg","Zutatenverzeichnis: Rotkohl (80%), Wasser, Branntweinessig, Glukose-Fruktose-Sirup, Zucker, modifizierte Stärke, Salz.",240,57,"0,1","0,1",11,"8,5","1,3","0,9",https://www.edeka24.de/Lebensmittel/Konserven/Gemuesekonserven/Kuehne-2-Minuten-Rotkohl-700G.html,https://www.edeka24.de/out/pictures/generated/product/1/540_540_90/khnerotkohl.jpg
2637,Lebensmittel,Konserven,Gemüsekonserven,Bonduelle Kidney Bohnen 400G,"1,79 €","7,16 €/kg","inkl. MwSt., zzgl. 4.95 € Versandkosten.",lieferbar innerhalb von 2-5 Werktagen,2023-05-03 01:24:54.951936,Abtropfgewicht: 250g.,,"Verantwortliches Lebensmittelunternehmen:
Bonduelle Deutschland GmbH, D-72766 Reutlingen, Am Heilbrunnen 136/138","Zutatenverzeichnis: Kidney-Bohnen, Wasser, Zucker, Salz, Rotweinessig, Festigungsmittel: Calciumchlorid.",462,110,"0,6","0,1",15,"2,5","7,6","0,54",https://www.edeka24.de/Lebensmittel/Konserven/Gemuesekonserven/Bonduelle-Kidney-Bohnen-400G.html,https://www.edeka24.de/out/pictures/generated/product/1/540_540_90/bonduelle_verzehrfertige_kidney_bohnen_400g.jpg
2638,Lebensmittel,Konserven,Gemüsekonserven,Späth Gewürzgurken 670G,"2,19 €","6,08 €/kg","inkl. MwSt., zzgl. 4.95 € Versandkosten.",lieferbar innerhalb von 2-5 Werktagen,2023-05-03 01:24:57.349930,Abtropfgewicht 360G.,,"Verantwortliches Lebensmittelunternehmen:
Späth GmbH, Waldstraße 3, 77767 Urloffen","Zutatenverzeichnis: Gurken, Wasser, Branntweinessig, Speisesalz, Zucker, Gewürzextrakte, Süßstoff Saccharin-Natrium.",83,20,"0,1","0,1","3,2","1,8","0,9",1,https://www.edeka24.de/Lebensmittel/Konserven/Gemuesekonserven/Spaeth-Gewuerzgurken-670G.html,https://www.edeka24.de/out/pictures/generated/product/1/540_540_90/spthgewrzgurken.jpg
2639,Lebensmittel,Konserven,Gemüsekonserven,Hengstenberg Salat Gurken 330G,"2,19 €","11,84 €/kg","inkl. MwSt., zzgl. 4.95 € Versandkosten.",lieferbar innerhalb von 2-5 Werktagen,2023-05-03 01:25:00.103040,Abtropfgewicht 185G. Gürkenwürfel,,"Verantwortliches Lebensmittelunternehmen:
Hengstenberg, 73726 Esslingen","Zutatenverzeichnis: Gurken, Branntweinessig, Zucker, Salz, Kräuterextrakte, Gewürzextrakte, Farbstoff Riboflavin. Kann SENF enthalten.",107,25,"0,5","0,5","4,3","4,2","0,8",1,https://www.edeka24.de/Lebensmittel/Konserven/Gemuesekonserven/Hengstenberg-Salat-Gurken-330G.html,https://www.edeka24.de/out/pictures/generated/product/1/540_540_90/hengstenberg_salat_gurken_330g.jpg
2640,Lebensmittel,Konserven,Gemüsekonserven,Alnatura Origin Bio Getrocknete Tomaten 180G,"4,29 €","23,83 €/kg","inkl. MwSt., zzgl. 4.95 € Versandkosten.",lieferbar innerhalb von 2-5 Werktagen,2023-05-03 01:25:03.191036,Bio Getrocknete Tomaten in Öl,Hinweis zur Aufbewahrung: Nach dem Öffnen im Kühlschrank lagern und innerhalb von 5 Tagen verbrauchen.,"Verantwortliches Lebensmittelunternehmen:
Alnatura GmbH, Darmstädter Str. 63, 64404 Bickenbach","Zutatenverzeichnis: Tomaten* getrocknet 53%, Sonnenblumenöl* 35%, natives Olivenöl extra* 12%, Meersalz *aus biologischer Landwirtschaft.",1939,470,46,"5,5",11,11,1,3,https://www.edeka24.de/Lebensmittel/Konserven/Gemuesekonserven/Alnatura-Origin-Bio-Getrocknete-Tomaten-180G.html,https://www.edeka24.de/out/pictures/generated/product/1/540_540_90/bio_alnatura_getrocknetetomaten_180g.jpg
2641,Lebensmittel,Konserven,Gemüsekonserven,Bonduelle Goldmais Bunter Mix 400G,"1,79 €","6,75 €/kg","inkl. MwSt., zzgl. 4.95 € Versandkosten.",lieferbar innerhalb von 2-5 Werktagen,2023-05-03 01:25:06.150948,"Abtropfgewicht 265G. Gemüsemischung aus Gemüsemais, Gemüseerbsen und Möhrchen.",,"Verantwortliches Lebensmittelunternehmen:
Bonduelle Deutschland GmbH, D-72766 Reutlingen, Am Heilbrunnen 136/138","Zutatenverzeichnis: Gemüsemais (45%), Markerbsen (30%), Möhrchen (25%), Wasser, Zucker, Salz,",269,64,"1,4","0,3","8,1",2,"2,9","0,5",https://www.edeka24.de/Lebensmittel/Konserven/Gemuesekonserven/Bonduelle-Goldmais-Bunter-Mix-400G.html,https://www.edeka24.de/out/pictures/generated/product/1/540_540_90/bonduelle_goldmais_bunter_mix_400_g.jpg
2642,Lebensmittel,Konserven,Gemüsekonserven,Hengstenberg Mildessa Mildes Weinsauerkraut 550G,"2,19 €","4,21 €/kg","inkl. MwSt., zzgl. 4.95 € Versandkosten.",lieferbar innerhalb von 2-5 Werktagen,2023-05-03 01:25:09.230957,Abtropfgewicht 520G.,,"Verantwortliches Lebensmittelunternehmen:
Hengstberg GmbH & Co.KG, Mettinger Straße 109, D-73728 Esslingen","Zutatenverzeichnis: Weißkohl, Wein, Salz",22,91,"0,1","0,09","1,9","1,7","1,5","1,1",https://www.edeka24.de/Lebensmittel/Konserven/Gemuesekonserven/Hengstenberg-Mildessa-Mildes-Weinsauerkraut-550G.html,https://www.edeka24.de/out/pictures/generated/product/1/540_540_90/hengstenberg_mildessa_mildes_weinsauerkraut_550_g(1).jpg
2643,Lebensmittel,Konserven,Gemüsekonserven,Hengstenberg Gurken Polnischer Art 720ML,"2,89 €","8,03 €/kg","inkl. MwSt., zzgl. 4.95 € Versandkosten.",lieferbar innerhalb von 2-5 Werktagen,2023-05-03 01:25:12.059934,Abtropfgewicht 360G. Krumme Gurken,,"Verantwortliches Lebensmittelunternehmen:
Hengstberg GmbH & Co.KG, Mettinger Straße 109, D-73728 Esslingen","Zutatenverzeichnis: Gurken, Branntweinessig, Zucker, Salz, Kräuter, SENFKÖRNER, natürliche Kräuter-Gewürze-Aromen (enthält SENF)",119,28,"0,2","0,09","4,9","4,8","0,813","1,8",https://www.edeka24.de/Lebensmittel/Konserven/Gemuesekonserven/Hengstenberg-Gurken-Polnischer-Art-720ML.html,https://www.edeka24.de/out/pictures/generated/product/1/540_540_90/hengstenberg_gurken_polnischer_art_720_ml.jpg
2644,Lebensmittel,Konserven,Gemüsekonserven,Hengstenberg Cornichons klassisch fein 330G,"2,59 €","13,63 €/kg","inkl. MwSt., zzgl. 4.95 € Versandkosten.",lieferbar innerhalb von 2-5 Werktagen,2023-05-03 01:25:14.391569,Abtropfgewicht 190G. Cornichons in würzigem Aufguss,,"Verantwortliches Lebensmittelunternehmen:
Hengstenberg, D-73726 Esslingen","Zutatenverzeichnis: Gurken, Branntweinessig, Zucker, Dill, Salz, SENFKÖRNER, Kräuterextrakte, Gewürzextrakte.",22,92,"0,5","0,1","2,9","2,8","1,2","1,3",https://www.edeka24.de/Lebensmittel/Konserven/Gemuesekonserven/Hengstenberg-Cornichons-klassisch-fein-330G.html,https://www.edeka24.de/out/pictures/generated/product/1/540_540_90/hengstenberg_cornichons_klassisch_fein_330_g.jpg
2645,Lebensmittel,Konserven,Gemüsekonserven,Kühne Apfelrotkohl der Klassiker 680G,"2,19 €","3,37 €/kg","inkl. MwSt., zzgl. 4.95 € Versandkosten.",lieferbar innerhalb von 2-5 Werktagen,2023-05-03 01:25:17.268538,Abtropfgewicht 650G.,,"Verantwortliches Lebensmittelunternehmen:
Carl Kühne KG (GmbH & Co.), Kühnehöfe 11, D-22761 Hamburg","Zutatenverzeichnis: Rotkohl, Branntweinessig, Apfelsaft aus Konzentrat, Glukose-Fruktose-Sirup, Äpfel 3 %, Zucker, Salz, Johannisbeersaft aus Konzentrat 1 %",211,50,"0,1","0,1",9,"8,1","1,3","1,1",https://www.edeka24.de/Lebensmittel/Konserven/Gemuesekonserven/Kuehne-Apfelrotkohl-der-Klassiker-680G.html,https://www.edeka24.de/out/pictures/generated/product/1/540_540_90/khnearoko.jpg
2646,Lebensmittel,Konserven,Gemüsekonserven,EDEKA Champignons 1. Wahl ganze Köpfe 330G,"2,19 €","10,95 €/kg","inkl. MwSt., zzgl. 4.95 € Versandkosten.",lieferbar innerhalb von 2-5 Werktagen,2023-05-03 01:25:20.403033,Abtropfgewicht 200G,Hinweis zur Aufbewahrung: Trocken lagern.,"Verantwortliches Lebensmittelunternehmen:
EDEKA ZENTRALE Stiftung & Co. KG, D-22291 Hamburg","Zutatenverzeichnis: Champignons, Wasser, Speisesalz, Säuerungsmittel: Citronensäure, Antioxidationsmittel: Ascorbinsäure.",16,68,"0,2","0,1","0,3","0,1","2,5","0,4",https://www.edeka24.de/Lebensmittel/Konserven/Gemuesekonserven/EDEKA-Champignons-1-Wahl-ganze-Koepfe-330G.html,https://www.edeka24.de/out/pictures/generated/product/1/540_540_90/edeka_champignons_1_wahl_ganze_kpfe_330_g.jpg
2647,Lebensmittel,Konserven,Gemüsekonserven,EDEKA Chili-Bohnen 400G,"1,39 €","3,48 €/kg","inkl. MwSt., zzgl. 4.95 € Versandkosten.",lieferbar innerhalb von 2-5 Werktagen,2023-05-03 01:25:23.624351,Kidney-Bohnen in Chilisauce,"Hinweis zur Aufbewahrung: Trocken lagern.Nach dem Öffnen den Restinhalt der Dose in ein geeignetes Gefäß umfüllen, kühl lagern und alsbaldig verbrauchen.","Verantwortliches Lebensmittelunternehmen:
EDEKA ZENTRALE Stiftung & Co. KG, D-22291 Hamburg","Zutatenverzeichnis: 55% Kidney-Bohnen, Wasser, 7,2% Tomatenmark einfach konzentriert, Zucker, modifizierte Stärke, Speisesalz, natürliche Aromen, 0,2% Chilipulver, Gewürze, Kräuter.",395,94,"0,5","0,1",12,"5,3","5,6","0,6",https://www.edeka24.de/Lebensmittel/Konserven/Gemuesekonserven/EDEKA-Chili-Bohnen-400G.html,https://www.edeka24.de/out/pictures/generated/product/1/540_540_90/edeka_chilibohnen_400g.jpg
2648,Lebensmittel,Konserven,Gemüsekonserven,Bonduelle Bio Kidneybohnen 310G,"2,39 €","9,56 €/kg","inkl. MwSt., zzgl. 4.95 € Versandkosten.",lieferbar innerhalb von 2-5 Werktagen,2023-05-03 01:25:26.400675,"Abtropfgewicht 250G Kidneybohnen, schonend dampfgegart",Hinweis zur Aufbewahrung: Nach dem Öffnen gekühlt lagern und innerhalb von einem Tag verzehren.,"Verantwortliches Lebensmittelunternehmen:
Bonduelle Deutschland GmbH, Am Heilbrunnen 136/138, 72766 Reutlingen","Zutatenverzeichnis: Kidney-Bohnen (1), Wasser, Salz. (1) aus ökologischem Anbau.",468,111,"0,5","0,1",15,"0,5","8,3","0,45",https://www.edeka24.de/Lebensmittel/Konserven/Gemuesekonserven/Bonduelle-Bio-Kidneybohnen-310G.html,https://www.edeka24.de/out/pictures/generated/product/1/540_540_90/bio_bonduelle_kidneybohnen_310g.jpg
2649,Lebensmittel,Konserven,Gemüsekonserven,Bonduelle Linsen 400G,"1,89 €","7,13 €/kg","inkl. MwSt., zzgl. 4.95 € Versandkosten.",lieferbar innerhalb von 2-5 Werktagen,2023-05-03 01:25:28.955335,Abtropfgewicht 265G.,,"Verantwortliches Lebensmittelunternehmen:
Bonduelle Deutschland GmbH, D-72766 Reutlingen, Am Heilbrunnen 136/138","Zutatenverzeichnis: Wasser, Linsen, Salz.",84,355,"0,5","0,1","11,9","0,6",6,"0,56",https://www.edeka24.de/Lebensmittel/Konserven/Gemuesekonserven/Bonduelle-Linsen-400G.html,https://www.edeka24.de/out/pictures/generated/product/1/540_540_90/bonduelle_linsen_400_g.jpg
2650,Lebensmittel,Konserven,Gemüsekonserven,Bonduelle Grüne Bohnen zart und fein 800G,"2,69 €","6,11 €/kg","inkl. MwSt., zzgl. 4.95 € Versandkosten.",lieferbar innerhalb von 2-5 Werktagen,2023-05-03 01:25:31.581018,Abtropfgewicht: 440g.,,"Verantwortliches Lebensmittelunternehmen:
Bonduelle Deutschland GmbH, Am Heilbrunnen 136/138, D-72766 Reutlingen","Zutatenverzeichnis: Grüne Bohnen sehr fein, Wasser, Salz, ohne zugesetzte Aromen",111,26,"0,2",g,"3,1",1,"1,6","0,57",https://www.edeka24.de/Lebensmittel/Konserven/Gemuesekonserven/Bonduelle-Gruene-Bohnen-zart-und-fein-800G.html,https://www.edeka24.de/out/pictures/generated/product/1/540_540_90/bonduelle_grne_bohnen_zart_und_fein_800_g.jpg
2651,Lebensmittel,Konserven,Gemüsekonserven,Hengstenberg Apfelrotkohl traditionell 680G,"2,19 €","3,37 €/kg","inkl. MwSt., zzgl. 4.95 € Versandkosten.",lieferbar innerhalb von 2-5 Werktagen,2023-05-03 01:25:34.721251,Abtropfgewicht 650G.,,"Verantwortliches Lebensmittelunternehmen:
Hengstberg GmbH & Co.KG, Mettinger Straße 109, D-73728 Esslingen","Zutatenverzeichnis: Rotkohl, 8% Apfelsaft aus Apfelsaftkonzentrat, Zucker, Branntweinessig, Weinessig, 2% Apfelstücke, Salz, natürliches Gewürz-Aroma, natürliches Aroma",50,212,"0,2","0,09","8,7","8,5","1,688","1,2",https://www.edeka24.de/Lebensmittel/Konserven/Gemuesekonserven/Hengstenberg-Apfelrotkohl-traditionell-680G.html,https://www.edeka24.de/out/pictures/generated/product/1/540_540_90/hengstenberg_apfelrotkohl_traditionell_680_g.jpg
2652,Lebensmittel,Konserven,Gemüsekonserven,Alnatura Bio Kapern in Essiglake 150G,"3,49 €","38,78 €/kg","inkl. MwSt., zzgl. 4.95 € Versandkosten.",lieferbar innerhalb von 2-5 Werktagen,2023-05-03 01:25:37.602291,Abtropfgewicht 90G.,Hinweis zur Aufbewahrung: Nach dem Öffnen im Kühlschrank lagern und innerhalb von 5 Tagen verbrauchen.,"Verantwortliches Lebensmittelunternehmen:
Alnatura Produktions- und Handels GmbH, Mahatma-Gandhi-Str. 7, 64295 Darmstadt","Zutatenverzeichnis: Kapern*, Wasser, Weinessig*, Meersalz* aus biologischer Landwirtschaft.",100,24,"0,5","0,1","2,6","0,5","2,6","6,3",https://www.edeka24.de/Lebensmittel/Konserven/Gemuesekonserven/Alnatura-Bio-Kapern-in-Essiglake-150G.html,https://www.edeka24.de/out/pictures/generated/product/1/540_540_90/bio_alnatura_kapern_150g.jpg
2653,Lebensmittel,Konserven,Gemüsekonserven,EDEKA Bio Gemüsemais 330G,"1,59 €","5,58 €/kg","inkl. MwSt., zzgl. 4.95 € Versandkosten.",lieferbar innerhalb von 2-5 Werktagen,2023-05-03 01:25:40.735228,Abtropfgewicht 285G.,"Hinweis zur Aufbewahrung: Trocken lagern. Nach dem Öffnen den Restinhalt der Dose in ein geeignetes Gefäß umfüllen, kühl lagern und alsbaldig verbrauchen.","Verantwortliches Lebensmittelunternehmen:
EDEKA ZENTRALE Stiftung & Co. KG, D-22291 Hamburg","Zutatenverzeichnis: Maiskörner***, Wasser, Speisesalz. ***aus kontrolliert ökologischer Landwirtschaft",300,71,"1,2","0,3",11,7,"2,5","0,3",https://www.edeka24.de/Lebensmittel/Konserven/Gemuesekonserven/EDEKA-Bio-Gemuesemais-330G.html,https://www.edeka24.de/out/pictures/generated/product/1/540_540_90/bio_edeka_gemamp252semais_330g.jpg
2654,Lebensmittel,Konserven,Gemüsekonserven,Kühne Rotkohl Original 680G,"1,99 €","3,06 €/kg","inkl. MwSt., zzgl. 4.95 € Versandkosten.",lieferbar innerhalb von 2-5 Werktagen,2023-05-03 01:25:43.604093,Abtropfgewicht 650G. Rotkohl,,"Verantwortliches Lebensmittelunternehmen:
Carl Kühne KG (GmbH & Co.), Kühnehöfe 11, D-22761 Hamburg","Zutatenverzeichnis: Rotkohl, Branntweinessig, Glukose-Fruktose-Sirup, Weinessig, Zucker, Salz",211,50,"0,1","0,1","9,4","7,7","1,3","1,3",https://www.edeka24.de/Lebensmittel/Konserven/Gemuesekonserven/Kuehne-Rotkohl-Original-680G.html,https://www.edeka24.de/out/pictures/generated/product/1/540_540_90/khneoriginalrotkohl.jpg
2655,Lebensmittel,Konserven,Gemüsekonserven,Filder Spitzbüble feinmildes Weinsauerkraut 400G,"1,99 €","5,17 €/kg","inkl. MwSt., zzgl. 4.95 € Versandkosten.",lieferbar innerhalb von 2-5 Werktagen,2023-05-03 01:25:46.188163,Abtropfgewicht 385G. Weinsauerkraut,,"Verantwortliches Lebensmittelunternehmen:
Fritz Schlecht Sauerkonserven, Johannesstrasse 2 , D-70794 Filderstadt","Zutatenverzeichnis: Weisskohl, Wein und Salz",91,22,"0,1","0,1","1,9","1,7","1,5",1,https://www.edeka24.de/Lebensmittel/Konserven/Gemuesekonserven/Filder-Spitzbueble-feinmildes-Weinsauerkraut-400G.html,https://www.edeka24.de/out/pictures/generated/product/1/540_540_90/spitzbble400.jpg
2656,Lebensmittel,Konserven,Gemüsekonserven,Kühne Fasskraut 400G,"1,69 €","4,39 €/kg","inkl. MwSt., zzgl. 4.95 € Versandkosten.",lieferbar innerhalb von 2-5 Werktagen,2023-05-03 01:25:48.871812,Abtropfgewicht 385G.,Hinweis zur Aufbewahrung: Nach Anbruch kühl lagern.,"Verantwortliches Lebensmittelunternehmen:
Carl Kühne KG (GmbH & Co.), 22761 Hamburg","Zutatenverzeichnis: Weißkohl, Salz. Pasteurisiert.",34,141,"0,3","0,1","4,3","1,3","1,3",1,https://www.edeka24.de/Lebensmittel/Konserven/Gemuesekonserven/Kuehne-Fasskraut-400G.html,https://www.edeka24.de/out/pictures/generated/product/1/540_540_90/kue_fasskraut_traditionel400g.jpg
2657,Lebensmittel,Konserven,Gemüsekonserven,EDEKA Steinpilze geschnitten 180G,"4,19 €","41,90 €/kg","inkl. MwSt., zzgl. 4.95 € Versandkosten.",lieferbar innerhalb von 2-5 Werktagen,2023-05-03 01:25:51.882076,Abtropfgewicht 100G,Hinweis zur Aufbewahrung: Trocken lagern. Nach dem Öffnen den Restinhalt kühl lagern und alsbaldig verzehren. mindestens haltbar bis: siehe Deckelrand,"Verantwortliches Lebensmittelunternehmen:
EDEKA ZENTRALE Stiftung & Co. KG, D-22291 Hamburg","Zutatenverzeichnis: Steinpilze, Wasser, Speisesalz, Säuerungsmittel: Citronensäure; Antioxidationsmittel: Ascorbinsäure.",98,24,"0,5","0,1","1,8","0,6","1,9","1,2",https://www.edeka24.de/Lebensmittel/Konserven/Gemuesekonserven/EDEKA-Steinpilze-geschnitten-180G.html,https://www.edeka24.de/out/pictures/generated/product/1/540_540_90/edeka_steinpilze_geschnitten_waldfrisch_180g.jpg
2658,Lebensmittel,Konserven,Gemüsekonserven,HAK Schwarze Bohnen 225G,"2,69 €","13,45 €/kg","inkl. MwSt., zzgl. 4.95 € Versandkosten.",lieferbar innerhalb von 2-5 Werktagen,2023-05-03 01:25:54.853399,Abtropfgewicht: 200g.,Hinweis zur Aufbewahrung: Nach dem Öffnen begrenzt haltbar. Kühl aufbewahren (max. 7°C).,"Verantwortliches Lebensmittelunternehmen:
HAK B.V., Postbus 2, 4283 ZG Giessen, Holland","Zutatenverzeichnis: Schwarze Bohnen, Wasser, Meersalz.",683,162,"0,6","0,2","26,4",0,"9,4","0,24",https://www.edeka24.de/Lebensmittel/Konserven/Gemuesekonserven/HAK-Schwarze-Bohnen-225G.html,https://www.edeka24.de/out/pictures/generated/product/1/540_540_90/hakschwaboh(1).jpg
2659,Lebensmittel,Konserven,Gemüsekonserven,Bonduelle Goldmais 600G,"2,69 €","4,72 €/kg","inkl. MwSt., zzgl. 4.95 € Versandkosten.",lieferbar innerhalb von 2-5 Werktagen,2023-05-03 01:25:57.659915,"Abtropfgewicht: 570g. Gemüsemais, vakuumverpackt",Hinweis zur Aufbewahrung: Nach dem Öffnen gekühlt lagern und innerhalb eines Tages verbrauchen.,"Verantwortliches Lebensmittelunternehmen:
Bonduelle Deutschland GmbH, D-72766 Reutlingen, Am Heilbrunnen 136/138","Zutatenverzeichnis: Gemüsemais, Wasser, Salz.",80,334,"1,9","0,5","10,8","5,2","2,9","0,4",https://www.edeka24.de/Lebensmittel/Konserven/Gemuesekonserven/Bonduelle-Goldmais-600G.html,https://www.edeka24.de/out/pictures/generated/product/1/540_540_90/bonduelle_goldmais_600g(1).jpg
2660,Lebensmittel,Konserven,Gemüsekonserven,Hengstenberg Mildessa Rotkraut 810G,"2,49 €","3,23 €/kg","inkl. MwSt., zzgl. 4.95 € Versandkosten.",lieferbar innerhalb von 2-5 Werktagen,2023-05-03 01:26:00.460234,"Abtropfgewicht 770G. Rotkohl, tafelfertig und fein gewürzt",,"Verantwortliches Lebensmittelunternehmen:
Hengstberg GmbH & Co.KG, Mettinger Straße 109, D-73728 Esslingen","Zutatenverzeichnis: Rotkohl, Zucker, Branntweinessig, Weinessig, Salz, natürliches Gewürz-Aroma",44,186,"0,2","0,09","7,6","7,5","1,2","1,1",https://www.edeka24.de/Lebensmittel/Konserven/Gemuesekonserven/Hengstenberg-Mildessa-Rotkraut-810G.html,https://www.edeka24.de/out/pictures/generated/product/1/540_540_90/hengstenberg_rotkohl_810_g.jpg
2661,Lebensmittel,Konserven,Gemüsekonserven,Heinz Beanz ohne Zuckerzusatz 415G,"2,69 €","6,48 €/kg","inkl. MwSt., zzgl. 4.95 € Versandkosten.",lieferbar innerhalb von 2-5 Werktagen,2023-05-03 01:26:03.247280,"Ohne Zuckerzusatz und 25% weniger Salz, gebackene Bohnen in Tomatensauce mit Süßungsmittel. 25% weniger Salz als die originalen Heinz Baked Beans.",,"Verantwortliches Lebensmittelunternehmen:
H.J. Heinz GmbH, Postfach 140555, 40075 Düsseldorf","Zutatenverzeichnis: Weiße Bohnen (50%), Tomaten (37%), Wasser, modifizierte Stärke, Branntweinessig**, Speisesalz, natürliche Aromen, Gewürzextrakte, Süßungsmittel - Stevioglycoside, Kräuterextrakt **Österreich: Weingeistessig.",277,66,"0,2","0,1","9,5","1,9","4,6","0,4",https://www.edeka24.de/Lebensmittel/Konserven/Gemuesekonserven/Heinz-Beanz-ohne-Zuckerzusatz-415G.html,https://www.edeka24.de/out/pictures/generated/product/1/540_540_90/heinz_beanz_ohne_zuckerzusatz_415g.jpg
2662,Lebensmittel,Konserven,Gemüsekonserven,Späth Cornichons 670G,"2,59 €","7,00 €/kg","inkl. MwSt., zzgl. 4.95 € Versandkosten.",lieferbar innerhalb von 2-5 Werktagen,2023-05-03 01:26:06.343341,Abtropfgewicht 370G.,,"Verantwortliches Lebensmittelunternehmen:
Späth GmbH, Waldstraße 3, 77767 Urloffen","Zutatenverzeichnis: Cornichons, Wasser, Branntweinessig, Speisesalz, Zucker, Gewürzextrakte, Süßstoff Saccharin-Natrium.",20,83,"0,1","0,1","3,2","1,8","0,9",1,https://www.edeka24.de/Lebensmittel/Konserven/Gemuesekonserven/Spaeth-Cornichons-670G.html,https://www.edeka24.de/out/pictures/generated/product/1/540_540_90/spthcornichons.jpg
2663,Lebensmittel,Konserven,Gemüsekonserven,Herr Edelmann Halbgetrocknete Tomaten 150G,"2,59 €","17,27 €/kg","inkl. MwSt., zzgl. 4.95 € Versandkosten.",lieferbar innerhalb von 2-5 Werktagen,2023-05-03 01:26:09.245641,"Halbgetrocknete Tomaten mit Meersalz, sonnensüß, verzehrfertig",Hinweis zur Aufbewahrung: Nach dem Öffnen im Kühlschrank lagern und innerhalb weniger Tage verzehren.,"Verantwortliches Lebensmittelunternehmen:
Huberti GmbH, Dorfstr. 61, 40667 Meerbusch","Zutatenverzeichnis: Getrocknete Tomaten, Meersalz, Säuerungsmittel: Citronensäure, Essigsäure, Ascorbinsäure",423,100,"0,8","0,3","14,2","12,1","6,2",3,https://www.edeka24.de/Lebensmittel/Konserven/Gemuesekonserven/Herr-Edelmann-Halbgetrocknete-Tomaten-150G.html,https://www.edeka24.de/out/pictures/generated/product/1/540_540_90/herr_edelmann_halbgetrocknete_tomaten_150_g.jpg
2664,Lebensmittel,Konserven,Gemüsekonserven,Hengstenberg Bohnensalat 330G,"2,49 €","10,38 €/kg","inkl. MwSt., zzgl. 4.95 € Versandkosten.",lieferbar innerhalb von 2-5 Werktagen,2023-05-03 01:26:12.668885,Abtropfgewicht: 240g.,,"Verantwortliches Lebensmittelunternehmen:
Hengstberg GmbH & Co.KG, Mettinger Straße 109, D-73728 Esslingen","Zutatenverzeichnis: 63% weiße Bohnen, 6% Weißweinessig, Zucker, Zwiebeln, Paprika, Karotten, Salz, Kräuter, natürliches Kräuter-Gewürze-Aroma.",452,107,"0,5","0,1",14,"3,6",7,2,https://www.edeka24.de/Lebensmittel/Konserven/Gemuesekonserven/Hengstenberg-Bohnensalat-330G.html,https://www.edeka24.de/out/pictures/generated/product/1/540_540_90/hengstenberg_bohnensalat_330g.jpg
2665,Lebensmittel,Konserven,Gemüsekonserven,EDEKA Champignons 1.Wahl ganze Köpfe Minis 330G,"2,79 €","13,95 €/kg","inkl. MwSt., zzgl. 4.95 € Versandkosten.",lieferbar innerhalb von 2-5 Werktagen,2023-05-03 01:26:15.320598,Abtropfgewicht 200G,Hinweis zur Aufbewahrung: Trocken lagern.,"Verantwortliches Lebensmittelunternehmen:
EDEKA ZENTRALE Stiftung & Co. KG, D-22291 Hamburg","Zutatenverzeichnis: Champignons, Wasser, Speisesalz, Säuerungsmittel: Citronensäure; Antioxidationsmittel: Ascorbinsäure.",18,76,"0,4","0,1","0,9","0,4","1,7","0,4",https://www.edeka24.de/Lebensmittel/Konserven/Gemuesekonserven/EDEKA-Champignons-1-Wahl-ganze-Koepfe-Minis-330G.html,https://www.edeka24.de/out/pictures/generated/product/1/540_540_90/edeka_champignons_mini_1wahl_ganze_kamp246pfe_330g.jpg
2666,Lebensmittel,Konserven,Gemüsekonserven,HAK Linsen 205G,"2,69 €","13,45 €/kg","inkl. MwSt., zzgl. 4.95 € Versandkosten.",lieferbar innerhalb von 2-5 Werktagen,2023-05-03 01:26:17.686869,Abtropfgewicht: 200G. Linsen,Hinweis zur Aufbewahrung: Nach dem Öffnen gekühlt (max. 7°C) aufbewahren.,"Verantwortliches Lebensmittelunternehmen:
HAK B.V., Postbus 2, 4283 ZG Giessen, Niederlande","Zutatenverzeichnis: Linsen, Wasser, Meersalz. Kann Spuren von WEIZEN und GERSTE enthalten.",431,102,"0,5","0,1","14,4","0,3",7,"0,29",https://www.edeka24.de/Lebensmittel/Konserven/Gemuesekonserven/HAK-Linsen-205G.html,https://www.edeka24.de/out/pictures/generated/product/1/540_540_90/hak_linsen_205g.jpg
2667,Lebensmittel,Konserven,Gemüsekonserven,Bonduelle Bio Grüne Bohnen 400G,"2,29 €","10,41 €/kg","inkl. MwSt., zzgl. 4.95 € Versandkosten.",lieferbar innerhalb von 2-5 Werktagen,2023-05-03 01:26:20.419202,Abtropfgewicht. 220g. Grüne Bohnen fein aus biologischem Anbau,,"Verantwortliches Lebensmittelunternehmen:
Bonduelle Deutschland GmbH, D-72766 Reutlingen, Am Heilbrunnen 136/138","Zutatenverzeichnis: Grüne Bohnen fein (aus ökologischem Anbau EU Landwirtschaft), Wasser, Salz.",106,25,"0,2",0,"2,8","0,5","1,6","0,38",https://www.edeka24.de/Lebensmittel/Konserven/Gemuesekonserven/Bonduelle-Bio-Gruene-Bohnen-400G.html,https://www.edeka24.de/out/pictures/generated/product/1/540_540_90/bio_bondgruene_bohnen_400g.jpg
2668,Lebensmittel,Konserven,Gemüsekonserven,Kühne 2 Minuten Klassisches Sauerkraut Fix & Fertig 400G,"1,89 €","4,73 €/kg","inkl. MwSt., zzgl. 4.95 € Versandkosten.",lieferbar innerhalb von 2-5 Werktagen,2023-05-03 01:26:23.414628,-,,"Verantwortliches Lebensmittelunternehmen:
Carl Kühne KG (GmbH & Co.), Kühnehöfe 11, D-22761 Hamburg","Zutatenverzeichnis: Sauerkraut 96% (Weißkohl, Salz), Zucker, modifizierte Stärke, Würze, Gewürzextrakte, Antioxidationsmittel: Ascorbinsäure",39,162,"0,3","0,1","5,8","2,9","1,2","1,3",https://www.edeka24.de/Lebensmittel/Konserven/Gemuesekonserven/Kuehne-2-Minuten-Klassisches-Sauerkraut-Fix-Fertig-400G.html,https://www.edeka24.de/out/pictures/generated/product/1/540_540_90/khneklasssauerkrauttfixfert.jpg
2669,Lebensmittel,Konserven,Gemüsekonserven,Bio Gourmet Kichererbsen 400G,"1,89 €","7,88 €/kg","inkl. MwSt., zzgl. 4.95 € Versandkosten.",lieferbar innerhalb von 2-5 Werktagen,2023-05-03 01:26:26.501013,"Abtropfgewicht 240G. Kichererbsen, gekocht",Hinweis zur Aufbewahrung: Trocken bei Raumtemperatur lagern.,"Verantwortliches Lebensmittelunternehmen:
Bio Gourmet GmbH, 71729 Erdmannshausen","Zutatenverzeichnis: Kichererbsen* 60%, Wasser, Meersalz. *aus kontrolliert biologischem Anbau",458,109,"1,7","0,2",14,"0,5","6,9","0,6",https://www.edeka24.de/Lebensmittel/Konserven/Gemuesekonserven/Bio-Gourmet-Kichererbsen-400G.html,https://www.edeka24.de/out/pictures/generated/product/1/540_540_90/bgkichererbsen.jpg
2670,Lebensmittel,Konserven,Gemüsekonserven,EDEKA Feine Mungobohnenkeime 330G,"1,39 €","7,94 €/kg","inkl. MwSt., zzgl. 4.95 € Versandkosten.",lieferbar innerhalb von 2-5 Werktagen,2023-05-03 01:26:29.405774,Abtropgfewicht 175G.,Hinweis zur Aufbewahrung: Trocken lagern.,"Verantwortliches Lebensmittelunternehmen:
EDEKA EDEKA ZENTRALE AG & Co. KG, New York Ring 6, D-22297 Hamburg","Zutatenverzeichnis: Mungobohnenkeime, Wasser, Zucker, Speisesalz, Antioxidationsmittel: Ascorbinsäure, Säuerungsmittel: Citronensäure.",123,30,"0,2","0,1","2,6","2,5","1,9","0,55",https://www.edeka24.de/Lebensmittel/Konserven/Gemuesekonserven/EDEKA-Feine-Mungobohnenkeime-330G.html,https://www.edeka24.de/out/pictures/generated/product/1/540_540_90/edeka_feine_mungobohnenkeime_330_g.jpg
2671,Lebensmittel,Konserven,Gemüsekonserven,EDEKA Kicher Erbsen 800G,"2,19 €","4,56 €/kg","inkl. MwSt., zzgl. 4.95 € Versandkosten.",lieferbar innerhalb von 2-5 Werktagen,2023-05-03 01:26:31.676944,Abtropfgewicht 480G.,"Hinweis zur Aufbewahrung: Trocken lagern. Nach dem Öffnen den Restinhalt der Dose in ein geeignetes Gefäß umfüllen, kühl lagern und alsbaldig verbrauchen.","Verantwortliches Lebensmittelunternehmen:
EDEKA ZENTRALE Stiftung & Co. KG, D-22291 Hamburg","Zutatenverzeichnis: Kichererbsen, Wasser, Speisesalz.",118,493,"2,4","0,4",14,"0,4","6,5","0,48",https://www.edeka24.de/Lebensmittel/Konserven/Gemuesekonserven/EDEKA-Kicher-Erbsen-800G.html,https://www.edeka24.de/out/pictures/generated/product/1/540_540_90/edeka_kicher_erbsen_naturell.jpg
2672,Lebensmittel,Konserven,Gemüsekonserven,Edeka Bio Linsen 400G,"1,29 €","5,38 €/kg","inkl. MwSt., zzgl. 4.95 € Versandkosten.",lieferbar innerhalb von 2-5 Werktagen,2023-05-03 01:26:34.265816,Abtropfgewicht 240G,"Hinweis zur Aufbewahrung: Trocken lagern. nach dem Öffnen den Restinhalt der Dose in ein geeignetes Gefäß umfüllen, kühl lagern und alsbaldig verbrauchen.","Verantwortliches Lebensmittelunternehmen:
EDEKA ZENTRALE Stiftung & Co. KG, D-22291 Hamburg","Zutatenverzeichnis: Linsen*, Wasser, Speisesalz. *aus kontrolliert ökologischer Landwirtschaft",394,93,"0,5","0,1","13,8","0,3","5,6","0,8",https://www.edeka24.de/Lebensmittel/Konserven/Gemuesekonserven/Edeka-Bio-Linsen-400G.html,https://www.edeka24.de/out/pictures/generated/product/1/540_540_90/bio_edeka_linsen_400g.jpg
2673,Lebensmittel,Konserven,Gemüsekonserven,EDEKA Pfifferlinge 180G,"4,19 €","41,90 €/kg","inkl. MwSt., zzgl. 4.95 € Versandkosten.",lieferbar innerhalb von 2-5 Werktagen,2023-05-03 01:26:37.115426,Abtropfgewicht 100G,Hinweis zur Aufbewahrung: Trocken lagern. Nach dem Öffnen den Restinhalt kühl lagern und alsbaldig verzehren.,"Verantwortliches Lebensmittelunternehmen:
EDEKA ZENTRALE Stiftung & Co. KG, D-22291 Hamburg","Zutatenverzeichnis: Pfifferlinge, Wasser, Speisesalz, Säuerungsmittel: Citronensäure; Antioxidationsmittel: Ascorbinsäure.",103,25,"0,5","0,2","0,9","0,1","1,8",1,https://www.edeka24.de/Lebensmittel/Konserven/Gemuesekonserven/EDEKA-Pfifferlinge-180G.html,https://www.edeka24.de/out/pictures/generated/product/1/540_540_90/edeka_pfifferlinge_waldfrisch_180g.jpg
2674,Lebensmittel,Konserven,Gemüsekonserven,EDEKA Maronen 180G,"3,29 €","32,90 €/kg","inkl. MwSt., zzgl. 4.95 € Versandkosten.",lieferbar innerhalb von 2-5 Werktagen,2023-05-03 01:26:40.278164,Abtropfgewicht 100G,Hinweis zur Aufbewahrung: Trocken lagern. Nach dem Öffnen den Restinhalt kühl lagern und alsbaldig verzehren.,"Verantwortliches Lebensmittelunternehmen:
EDEKA ZENTRALE Stiftung & Co. KG, D-22291 Hamburg","Zutatenverzeichnis: Maronenröhrlinge, Wasser, Speisesalz, Säuerungsmittel: Citronensäure; Antioxidationsmittel: Ascorbinsäure.",113,27,"0,7","0,3","1,4","0,1","2,9","0,98",https://www.edeka24.de/Lebensmittel/Konserven/Gemuesekonserven/EDEKA-Maronen-180G.html,https://www.edeka24.de/out/pictures/generated/product/1/540_540_90/edeka_maronen_kamp246pfe_waldfrisch_180g.jpg
2675,Lebensmittel,Konserven,Gemüsekonserven,Heinz Beanz 415G,"2,69 €","6,48 €/kg","inkl. MwSt., zzgl. 4.95 € Versandkosten.",lieferbar innerhalb von 2-5 Werktagen,2023-05-03 01:26:43.354378,Weiße Bohnen in Tomaten-Sauce,"Hinweis zur Aufbewahrung: Restlichen Inhalt in ein geeignetes Behältnis füllen, im Kühlschrank lagern und innerhalb von 2 Tagen verzehren.","Verantwortliches Lebensmittelunternehmen:
H.J. Heinz GmbH, Postfach 140555, 40075 Düsseldorf","Zutatenverzeichnis: Weiße Bohnen (50%), Tomaten (36%), Wasser, Zucker, Branntweinessig*, modifizierte Stärke, Speisesalz, Gewürzextrakte, Kräuterextrakte. *Österreich: Weingeistessig",339,81,"0,4","0,1","15,5","4,3","4,8","0,6",https://www.edeka24.de/Lebensmittel/Konserven/Gemuesekonserven/Heinz-Beanz-415G.html,https://www.edeka24.de/out/pictures/generated/product/1/540_540_90/heinz_beanz_415_g.jpg
2676,Lebensmittel,Konserven,Gemüsekonserven,Kühne Salat Gurken würzig-Süß in Würfel 330G,"2,49 €","13,83 €/kg","inkl. MwSt., zzgl. 4.95 € Versandkosten.",lieferbar innerhalb von 2-5 Werktagen,2023-05-03 01:26:46.193667,Abtropfgewicht: 180g. Gurkenwürfel,Hinweis zur Aufbewahrung: Nach Anbruch kühl lagern.,"Verantwortliches Lebensmittelunternehmen:
Carl Kühne KG (GmbH & Co.), 22761 Hamburg","Zutatenverzeichnis: Gurken, Branntweinessig, Zucker, Salz, natürliches Aroma, Farbstoff Riboflavin",34,143,"0,1","0,1","6,3","6,1","0,6","1,3",https://www.edeka24.de/Lebensmittel/Konserven/Gemuesekonserven/Kuehne-Salat-Gurken-wuerzig-Suess-in-Wuerfel-330G.html,https://www.edeka24.de/out/pictures/generated/product/1/540_540_90/kamp252hne_salat_gurken_330g.jpg
2677,Lebensmittel,Konserven,Gemüsekonserven,Bonduelle Bio Goldmais 300G,"2,29 €","8,04 €/kg","inkl. MwSt., zzgl. 4.95 € Versandkosten.",lieferbar innerhalb von 2-5 Werktagen,2023-05-03 01:26:48.746148,"Abtropfgewicht: 285g. Gemüsemais, vakuumverpackt.",,"Verantwortliches Lebensmittelunternehmen:
Bonduelle Deutschland GmbH, D-72766 Reutlingen, Am Heilbrunnen 136/138","Zutatenverzeichnis: Gemüsemais*, Wasser, Salz. *aus ökologischem Anbau",334,80,"1,9","0,5","10,8","5,2","2,9","0,4",https://www.edeka24.de/Lebensmittel/Konserven/Gemuesekonserven/Bonduelle-Bio-Goldmais-300G.html,https://www.edeka24.de/out/pictures/generated/product/1/540_540_90/bio_bond_gemuesemais_300g.jpg
2678,Lebensmittel,Konserven,Gemüsekonserven,Bonduelle Goldmais 300G,"1,79 €","6,28 €/kg","inkl. MwSt., zzgl. 4.95 € Versandkosten.",lieferbar innerhalb von 2-5 Werktagen,2023-05-03 01:26:51.326265,"Abtropfgewicht: 285g. Gemüsemais, vakuumverpackt.",Hinweis zur Aufbewahrung: Nach dem Öffnen gekühlt lagern und innerhalb eines Tages verbrauchen.,"Verantwortliches Lebensmittelunternehmen:
Bonduelle Deutschland GmbH, D-72766 Reutlingen, Am Heilbrunnen 136/138","Zutatenverzeichnis: Gemüsemais, Wasser, Salz.",334,80,"1,9","0,5","10,8","5,2","2,9","0,4",https://www.edeka24.de/Lebensmittel/Konserven/Gemuesekonserven/Bonduelle-Goldmais-300G.html,https://www.edeka24.de/out/pictures/generated/product/1/540_540_90/bonduelle_goldmais_300g(1).jpg
2679,Lebensmittel,Konserven,Gemüsekonserven,Hengstenberg Mildessa Rotkraut 550G,"2,19 €","4,21 €/kg","inkl. MwSt., zzgl. 4.95 € Versandkosten.",lieferbar innerhalb von 2-5 Werktagen,2023-05-03 01:26:54.418463,"Abtropfgewicht 520G. Rotkohl, tafelfertig und fein gewürzt",,"Verantwortliches Lebensmittelunternehmen:
Hengstberg GmbH & Co.KG, Mettinger Straße 109, D-73728 Esslingen","Zutatenverzeichnis: Rotkohl, Zucker, Branntweinessig, Weinessig, Salz, natürliches Gewürz-Aroma",186,44,"0,2","0,09","7,6","7,5","1,2","1,1",https://www.edeka24.de/Lebensmittel/Konserven/Gemuesekonserven/Hengstenberg-Mildessa-Rotkraut-550G.html,https://www.edeka24.de/out/pictures/generated/product/1/540_540_90/hengstenberg_mildessa_rotkrau_550_g.jpg
2680,Lebensmittel,Konserven,Gemüsekonserven,Kühne Scharfe Gürkchen Schlemmertöpfchen 530G,"3,49 €","11,63 €/kg","inkl. MwSt., zzgl. 4.95 € Versandkosten.",lieferbar innerhalb von 2-5 Werktagen,2023-05-03 01:26:57.344263,Abtropfgewicht 300G. Cornichons,,"Verantwortliches Lebensmittelunternehmen:
Carl Kühne KG (GmbH & Co.), Kühnehöfe 11, D-22761 Hamburg","Zutatenverzeichnis: Gurken, Branntweinessig, Wasser, Glukose-Fruktose-Sirup, Zucker, Senfsaat, Salz, Chilli, natürliches Aroma, Farbstoff Riboflavin",242,57,"0,2","0,1",11,10,"1,4","1,7",https://www.edeka24.de/Lebensmittel/Konserven/Gemuesekonserven/Kuehne-Scharfe-Guerkchen-Schlemmertoepfchen-530G.html,https://www.edeka24.de/out/pictures/generated/product/1/540_540_90/khne_scharfe_grkchen_schlemmertpfchen.jpg
2681,Lebensmittel,Konserven,Gemüsekonserven,HAK Grüne Kidneybohnen Flageolet Bohnen 225G,"2,69 €","13,45 €/kg","inkl. MwSt., zzgl. 4.95 € Versandkosten.",lieferbar innerhalb von 2-5 Werktagen,2023-05-03 01:27:00.466981,Abtropfgewicht: 200G. Grüne Kidneybohnen Flageolet Bohnen,Hinweis zur Aufbewahrung: Nach dem Öffnen gekühlt (max. 7°C) aufbewahren.,"Verantwortliches Lebensmittelunternehmen:
HAK B.V., Postbus 2, 4283 ZG Giessen, Niederlande","Zutatenverzeichnis: Flageolet Bohnen, Wasser, Meersalz, Festigungsmittel (Calciumchlorid).",544,129,"1,1","0,1","17,3","0,8","7,9","0,23",https://www.edeka24.de/Lebensmittel/Konserven/Gemuesekonserven/HAK-Gruene-Kidneybohnen-Flageolet-Bohnen-225G.html,https://www.edeka24.de/out/pictures/generated/product/1/540_540_90/hak_gramp252ne_kidneybohnen_225g.jpg
2682,Lebensmittel,Konserven,Gemüsekonserven,HAK Edamame Bohnen 150G,"2,99 €","24,92 €/kg","inkl. MwSt., zzgl. 4.95 € Versandkosten.",lieferbar innerhalb von 2-5 Werktagen,2023-05-03 01:27:03.047989,Abtropfgewicht: 120G.,Hinweis zur Aufbewahrung: Nach dem Öffnen begrenzt haltbar. Kühl aufbewahren (max. 7°C).,"Verantwortliches Lebensmittelunternehmen:
HAK B.V., Postbus 2, 4283 ZG Giessen, Holland","Zutatenverzeichnis: Edamame Bohnen (SOJABOHNEN), Wasser, Festigungsmittel (Calciumchlorid), Meersalz.",451,108,"5,3","0,7","2,2","1,8","10,6","0,25",https://www.edeka24.de/Lebensmittel/Konserven/Gemuesekonserven/HAK-Edamame-Bohnen-150G.html,https://www.edeka24.de/out/pictures/generated/product/1/540_540_90/hakedaboh.jpg
2683,Lebensmittel,Konserven,Gemüsekonserven,HAK Adzukibohnen 225G,"2,99 €","14,95 €/kg","inkl. MwSt., zzgl. 4.95 € Versandkosten.",lieferbar innerhalb von 2-5 Werktagen,2023-05-03 01:27:05.580925,Abtropfgewicht: 200G. Adzukibohnen,Hinweis zur Aufbewahrung: Nach dem Öffnen gekühlt (max. 7°C) aufbewahren.,"Verantwortliches Lebensmittelunternehmen:
HAK B.V., Postbus 2, 4283 ZG Giessen, Niederlande","Zutatenverzeichnis: Adzukibohnen, Wasser, Meersalz, Festigungsmittel (Calciumchlorid).",526,124,"0,2","0,1",20,0,8,"0,23",https://www.edeka24.de/Lebensmittel/Konserven/Gemuesekonserven/HAK-Adzukibohnen-225G.html,https://www.edeka24.de/out/pictures/generated/product/1/540_540_90/hak_adzukibohnen_225g.jpg
2684,Lebensmittel,Konserven,Gemüsekonserven,Bonduelle Goldmais Junge Ernte 300G,"2,29 €","8,04 €/kg","inkl. MwSt., zzgl. 4.95 € Versandkosten.",lieferbar innerhalb von 2-5 Werktagen,2023-05-03 01:27:08.345677,Abtropfgewicht 285G,,"Verantwortliches Lebensmittelunternehmen:
Bonduelle Deutschland GmbH, D-72766 Reutlingen, Am Heilbrunnen 136/138","Zutatenverzeichnis: Gemüsemais, Wasser, Salz.",315,75,"1,2","0,2",12,"6,3","2,9","0,44",https://www.edeka24.de/Lebensmittel/Konserven/Gemuesekonserven/Bonduelle-Goldmais-Junge-Ernte-300G.html,https://www.edeka24.de/out/pictures/generated/product/1/540_540_90/bonduellegoldmaisjung.jpg
2685,Lebensmittel,Konserven,Gemüsekonserven,Georg Thalhammer Bio Kürbis Püree 350ML,"3,79 €","10,83 €/l","inkl. MwSt., zzgl. 4.95 € Versandkosten.",lieferbar innerhalb von 2-5 Werktagen,2023-05-03 01:27:11.219741,Kürbis pur - ungewürzt - sehr feine Konsistenz,Hinweis zur Aufbewahrung: nach dem Öffnen im Kühlschrank aufbewahren und innerhalb von 3 Tagen verbrauchen.,"Verantwortliches Lebensmittelunternehmen:
Georg Thalhammer, Tannenweg 10, 97854 Steinfeld",Zutatenverzeichnis: 100 % Kürbispüree aus Hokkaidokürbis* ** *aus kontrolliertbiologischem Anbau **Kürbisanteil aus unserer ZeroWaste Initiative,127,"30,1","0,5","0,04","4,8","4,1","1,2","0,1",https://www.edeka24.de/Lebensmittel/Konserven/Gemuesekonserven/Georg-Thalhammer-Bio-Kuerbis-Pueree-350ML.html,https://www.edeka24.de/out/pictures/generated/product/1/540_540_90/bio_georg_kamp252rbis_pamp252ree_vegan_350ml.jpg
2686,Lebensmittel,Konserven,Gemüsekonserven,Demeter Bio Piatti Onorati Pomodori Secchi 180G,"5,29 €","48,98 €/kg","inkl. MwSt., zzgl. 4.95 € Versandkosten.",lieferbar innerhalb von 2-5 Werktagen,2023-05-03 01:27:14.222383,Abtropfgewicht 108G. Getrocknete Tomaten in Olivenöl,Hinweis zur Aufbewahrung: Nach dem Öffnen im Kühlschrank aufbewahren und innerhalb von 3-4 Tagen verbrauchen.,"Verantwortliches Lebensmittelunternehmen:
Audia Food GmbH, Kaninenberghöhe 2, 45136 Essen","Zutatenverzeichnis: Getrocknete Tomaten** 57%, natives Olivenöl extra** 41,9%, Basilikum**, Weißweinessig**. **aus biologisch-dynamischer Landwirtschaft (Demeter)",851,206,13,"6,8","6,9","4,3",7,1,https://www.edeka24.de/Lebensmittel/Konserven/Gemuesekonserven/Demeter-Bio-Piatti-Onorati-Pomodori-Secchi-180G.html,https://www.edeka24.de/out/pictures/generated/product/1/540_540_90/pomosecc.jpg
2687,Lebensmittel,Konserven,Gemüsekonserven,Bonduelle Kidney Bohnen 800G,"2,49 €","4,98 €/kg","inkl. MwSt., zzgl. 4.95 € Versandkosten.",lieferbar innerhalb von 2-5 Werktagen,2023-05-03 01:27:17.268792,Abtropfgewicht: 500g. Rote Bohnen,,"Verantwortliches Lebensmittelunternehmen:
Bonduelle Deutschland GmbH, D-72766 Reutlingen, Am Heilbrunnen 136/138","Zutatenverzeichnis: Rote Bohnen, Wasser, Zucker, Salz, modifzierte Maisstärke, Rotweinessig, ohne zugesetzte Aromen.",109,459,"0,7","0,1","14,5","2,8","7,6","0,71",https://www.edeka24.de/Lebensmittel/Konserven/Gemuesekonserven/Bonduelle-Kidney-Bohnen-800G.html,https://www.edeka24.de/out/pictures/generated/product/1/540_540_90/bondukidboh.jpg
2688,Lebensmittel,Konserven,Obstkonserven,Delta 5-Frucht-Cocktail leicht gezuckert 410G,"1,09 €","4,54 €/kg","inkl. MwSt., zzgl. 4.95 € Versandkosten.",lieferbar innerhalb von 2-5 Werktagen,2023-05-03 01:27:19.841001,"Abtropfgewicht: 240G. 5-Frucht-Cocktail, leicht gezuckert.","Hinweis zur Aufbewahrung: Trocken lagern. Nach dem Öffnen in ein geeignetes Gefäß umfüllen, kühl lagern und alsbaldig verbrauchen.","Verantwortliches Lebensmittelunternehmen:
Veritas Vertriebsgesellschaft mbH, 22291 Hamburg","Zutatenverzeichnis: 27% Birnen, Wasser, 21% Pfirsiche, Zucker, 11% Obst in veränderlichen Gewichtsanteilen (Weinbeeren, Ananas), 1,2% gefärbte Kirschen (Kirschen, Farbstoff: Erythrosin), Säureregulator: Citronensäure.",295,70,"0,1",0,16,16,"0,1",0,https://www.edeka24.de/Lebensmittel/Konserven/Obstkonserven/Delta-5-Frucht-Cocktail-leicht-gezuckert-410G.html,https://www.edeka24.de/out/pictures/generated/product/1/540_540_90/delta_5fruchtcocktail_leicht_gezuckert_410g.jpg
2689,Lebensmittel,Konserven,Obstkonserven,EDEKA Ananas Dessertstücke leicht gezuckert 567G,"2,19 €","6,44 €/kg","inkl. MwSt., zzgl. 4.95 € Versandkosten.",lieferbar innerhalb von 2-5 Werktagen,2023-05-03 01:27:22.302638,Abtropfgewicht 340G,"Hinweis zur Aufbewahrung: Trocken lagern. Nach dem Öffnen den Restinhalt der Dose in ein geeignetes Gefäß umfüllen, kühl lagern und alsbaldig verbrauchen.","Verantwortliches Lebensmittelunternehmen:
EDEKA ZENTRALE Stiftung & Co. KG, D-22291 Hamburg","Zutatenverzeichnis: Ananas, Wasser, Zucker, Säureregulator: Citronensäure.",66,280,"0,1",0,15,15,"0,3","0,01",https://www.edeka24.de/Lebensmittel/Konserven/Obstkonserven/EDEKA-Ananas-Dessertstuecke-leicht-gezuckert-567G.html,https://www.edeka24.de/out/pictures/generated/product/1/540_540_90/edeka_ananas_stamp252cke_leicht_gezuckert_567g.jpg
2690,Lebensmittel,Konserven,Obstkonserven,EDEKA Bio Apfelmus ohne Zuckerzusatz 360G,"1,19 €","3,31 €/kg","inkl. MwSt., zzgl. 4.95 € Versandkosten.",lieferbar innerhalb von 2-5 Werktagen,2023-05-03 01:27:25.549697,Apfelmus ohne Zuckerzusatz,,"Verantwortliches Lebensmittelunternehmen:
EDEKA ZENTRALE Stiftung & Co. KG, D-22291 Hamburg","Zutatenverzeichnis: Äpfel**, Antioxidationsmittel: Ascorbinsäure. **aus kontrolliert ökologischer Landwirtschaft",240,57,"0,1","0,05","12,5","11,6","0,3","0,01",https://www.edeka24.de/Lebensmittel/Konserven/Obstkonserven/EDEKA-Bio-Apfelmus-ohne-Zuckerzusatz-360G.html,https://www.edeka24.de/out/pictures/generated/product/1/540_540_90/bio_edeka_apfelmus_ohne_zuckerzusatz_360g.jpg
2691,Lebensmittel,Konserven,Obstkonserven,EDEKA Williams Christ Birnen gezuckert viertel Frucht 225G,"1,39 €","12,09 €/kg","inkl. MwSt., zzgl. 4.95 € Versandkosten.",lieferbar innerhalb von 2-5 Werktagen,2023-05-03 01:27:28.550281,"Abtropfgewicht 115G. Williams-Christ Birnen, viertel Frucht, gezuckert","Hinweis zur Aufbewahrung: Trocken lagern. Nach dem Öffnen den Restinhalt der Dose in ein geeignetes Gefäß umfüllen, kühl lagern und alsbaldig verbrauchen.","Verantwortliches Lebensmittelunternehmen:
EDEKA ZENTRALE Stiftung & Co. KG, D-22291 Hamburg","Zutatenverzeichnis: Birnen, Wasser, Zucker, Säuerungsmittel: Citronensäure.",307,73,"0,1",0,"17,5","16,2","0,2","0,01",https://www.edeka24.de/Lebensmittel/Konserven/Obstkonserven/EDEKA-Williams-Christ-Birnen-gezuckert-viertel-Frucht-225G.html,https://www.edeka24.de/out/pictures/generated/product/1/540_540_90/edekawilliamsbirneviertelfrucht.jpg
2692,Lebensmittel,Konserven,Obstkonserven,EDEKA Pfirsiche halbe Frucht gezuckert 820G,"2,79 €","5,81 €/kg","inkl. MwSt., zzgl. 4.95 € Versandkosten.",lieferbar innerhalb von 2-5 Werktagen,2023-05-03 01:27:31.584642,"Abtropfgewicht 480G. Pfirsiche, halbe Frucht, gezuckert","Hinweis zur Aufbewahrung: mindestens haltbar bis: siehe Deckel/Boden Trocken lagern. Nach dem Öffnen den Restinhalt der Dose in ein geeignetes Gefäß umfüllen, kühl lagern und alsbaldig verbrauchen.","Verantwortliches Lebensmittelunternehmen:
EDEKA ZENTRALE Stiftung & Co. KG, D-22291 Hamburg","Zutatenverzeichnis: Pfirsiche, Wasser, Zucker, Säuerungsmittel: Citronensäure.",290,68,"0,1",0,"16,2","16,2","0,5","0,01",https://www.edeka24.de/Lebensmittel/Konserven/Obstkonserven/EDEKA-Pfirsiche-halbe-Frucht-gezuckert-820G.html,https://www.edeka24.de/out/pictures/generated/product/1/540_540_90/edeka_pfirsiche_halbe_frucht_gezuckert.jpg
2693,Lebensmittel,Konserven,Obstkonserven,EDEKA Tortenpfirsiche in Schnitten gezuckert klein 225G,"1,49 €","11,92 €/kg","inkl. MwSt., zzgl. 4.95 € Versandkosten.",lieferbar innerhalb von 2-5 Werktagen,2023-05-03 01:27:34.148152,"Abtropfgewicht 125G. Pfirsiche, Schnitten, gezuckert","Hinweis zur Aufbewahrung: Trocken lagern. nach dem Öffnen den Restinhalt der Dose in ein geeignetes Gefäß umfüllen, kühl lagern und alsbaldig verbrauchen.","Verantwortliches Lebensmittelunternehmen:
EDEKA ZENTRALE Stiftung & Co. KG, D-22291 Hamburg","Zutatenverzeichnis: Pfirsiche, Wasser, Zucker, Säuerungsmittel: Citronensäure.",77,325,"0,1","0,1","17,5","17,5","0,5","0,01",https://www.edeka24.de/Lebensmittel/Konserven/Obstkonserven/EDEKA-Tortenpfirsiche-in-Schnitten-gezuckert-klein-225G.html,https://www.edeka24.de/out/pictures/generated/product/1/540_540_90/edeka_tortenpfirsiche_in_schnitten_gezuckert_klein.jpg
2694,Lebensmittel,Konserven,Obstkonserven,EDEKA 5-Fruchtcocktail gezuckert 225G,"1,19 €","8,50 €/kg","inkl. MwSt., zzgl. 4.95 € Versandkosten.",lieferbar innerhalb von 2-5 Werktagen,2023-05-03 01:27:36.609859,Abtropfgewicht: 140g.,"Hinweis zur Aufbewahrung: mindestens haltbar bis: siehe Deckel/Boden Trocken lagern. Nach dem Öffnen den Restinhalt der Dose in ein geeignetes Gefäß umfüllen, gekühlt bei +2°C bis +7°C aufbewahren und alsbaldig verbrauchen.","Verantwortliches Lebensmittelunternehmen:
EDEKA ZENTRALE Stiftung & Co. KG, D-22291 Hamburg","Zutatenverzeichnis: Obst in veränderlichen Gewichtsanteilen: Birnenwürfel, Pfirsichwürfel; Wasser, Obst in veränderlichen Gewichtsanteilen: Weinbeeren ganz, Ananas Tidbits, Zucker, Süßkirschen halbiert (enthält Farbstoff: Erythrosin); Säuerungsmittel: Citronensäure.",75,314,"0,1",0,"17,5","17,5","0,3","0,01",https://www.edeka24.de/Lebensmittel/Konserven/Obstkonserven/EDEKA-5-Fruchtcocktail-gezuckert-225G.html,https://www.edeka24.de/out/pictures/generated/product/1/540_540_90/edekafruchtcocktail.jpg
2695,Lebensmittel,Konserven,Obstkonserven,EDEKA Aprikosen halbe Frucht gezuckert kleine Dose 225G,"1,39 €","10,69 €/kg","inkl. MwSt., zzgl. 4.95 € Versandkosten.",lieferbar innerhalb von 2-5 Werktagen,2023-05-03 01:27:39.227197,"Abtropfgewicht 130G. Aprikosen, halbe Frucht, gezuckert","Hinweis zur Aufbewahrung: Trocken lagern. Nach dem Öffnen den Restinhalt der Dose in ein geeignetes Gefäß umfüllen, kühl lagern und alsbaldig verbrauchen.","Verantwortliches Lebensmittelunternehmen:
EDEKA ZENTRALE Stiftung & Co. KG, D-22291 Hamburg","Zutatenverzeichnis: Aprikosen, Wasser, Zucker, Festigungsmittel: Calciumchlorid.",70,296,"0,1","0,1","16,3","12,4","0,7","0,03",https://www.edeka24.de/Lebensmittel/Konserven/Obstkonserven/EDEKA-Aprikosen-halbe-Frucht-gezuckert-kleine-Dose-225G.html,https://www.edeka24.de/out/pictures/generated/product/1/540_540_90/edeka_aprikosen_halbe_frucht_gezuckert_klein.jpg
2696,Lebensmittel,Konserven,Obstkonserven,EDEKA Bio Sauerkirschen entsteint 360G,"2,19 €","11,23 €/kg","inkl. MwSt., zzgl. 4.95 € Versandkosten.",lieferbar innerhalb von 2-5 Werktagen,2023-05-03 01:27:42.287484,"Abtropfgewicht 195G. Sauerkirschen, entsteint, in Wasser und Sauerkirschsaft",Hinweis zur Aufbewahrung: Trocken lagern. Nach dem Öffnen kühl lagern und alsbaldig verbrauchen.,"Verantwortliches Lebensmittelunternehmen:
EDEKA ZENTRALE Stiftung & Co. KG, D-22291 Hamburg","Zutatenverzeichnis: Sauerkirschen***, Wasser, 16,5% Sauerkirschsaft***. ***aus kontrolliert ökologischer Landwirtschaft",187,44,"0,4","0,1","8,1","7,5","0,6","0,01",https://www.edeka24.de/Lebensmittel/Konserven/Obstkonserven/EDEKA-Bio-Sauerkirschen-entsteint-360G.html,https://www.edeka24.de/out/pictures/generated/product/1/540_540_90/bio_edeka_sauerkirschen_360g.jpg
2697,Lebensmittel,Konserven,Obstkonserven,EDEKA Apfelmus ohne Zuckerzusatz 710G,"1,79 €","2,52 €/kg","inkl. MwSt., zzgl. 4.95 € Versandkosten.",lieferbar innerhalb von 2-5 Werktagen,2023-05-03 01:27:45.403191,Apfelmus ohne Zuckerzusatz,Hinweis zur Aufbewahrung: Trocken lagern. Nach dem Öffnen kühl lagern und alsbaldig verbrauchen.,"Verantwortliches Lebensmittelunternehmen:
EDEKA ZENTRALE Stiftung & Co. KG, D-22291 Hamburg","Zutatenverzeichnis: Äpfel, Säuerungsmittel: Äpfelsäure, Antioxidationsmittel: Ascorbinsäure.",240,57,"0,1","0,05","12,5","11,6","0,3","0,01",https://www.edeka24.de/Lebensmittel/Konserven/Obstkonserven/EDEKA-Apfelmus-ohne-Zuckerzusatz-710G.html,https://www.edeka24.de/out/pictures/generated/product/1/540_540_90/edeka_apfelmus_ohne_zuckerzusatz_710g.jpg
2698,Lebensmittel,Konserven,Obstkonserven,Alnatura Bio Apfelmark 360G,"1,19 €","3,31 €/kg","inkl. MwSt., zzgl. 4.95 € Versandkosten.",lieferbar innerhalb von 2-5 Werktagen,2023-05-03 01:27:48.564324,-,Hinweis zur Aufbewahrung: Nach dem Öffnen im Kühlschrank aufbewahren und innerhalb von 3 Tagen verbrauchen.,"Verantwortliches Lebensmittelunternehmen:
Alnatura GmbH, Mahatma-Gandhi-Straße 7, 64295 Darmstadt",Zutatenverzeichnis: Äpfel* aus biologischer Landwirtschaft,218,52,"0,5","0,1",12,12,"0,5","0,01",https://www.edeka24.de/Lebensmittel/Konserven/Obstkonserven/Alnatura-Bio-Apfelmark-360G.html,https://www.edeka24.de/out/pictures/generated/product/1/540_540_90/bio_alnatura_apfelmark_360g(1).jpg
2699,Lebensmittel,Konserven,Obstkonserven,EDEKA Himbeeren gezuckert 340G,"2,29 €","17,62 €/kg","inkl. MwSt., zzgl. 4.95 € Versandkosten.",lieferbar innerhalb von 2-5 Werktagen,2023-05-03 01:27:51.235339,Abtropfgewicht 130G.,Hinweis zur Aufbewahrung: Nach dem Öffnen kühl lagern und alsbaldig verbrauchen. Trocken lagern.,"Verantwortliches Lebensmittelunternehmen:
EDEKA ZENTRALE Stiftung & Co. KG, D-22291 Hamburg","Zutatenverzeichnis: Himbeeren, Wasser, Zucker, färbendes Lebensmittel: Holunderbeersaftkonzentrat, Festigungsmittel: Calciumlactat; Säuerungsmittel: Citronensäure.",355,84,"0,2","0,1","17,8","16,1","0,8","0,03",https://www.edeka24.de/Lebensmittel/Konserven/Obstkonserven/EDEKA-Himbeeren-gezuckert-340G.html,https://www.edeka24.de/out/pictures/generated/product/1/540_540_90/edeka_himbeeren_gezuckert.jpg
2700,Lebensmittel,Konserven,Obstkonserven,EDEKA Tortenpfirsiche in Schnitten gezuckert 820G,"2,79 €","5,58 €/kg","inkl. MwSt., zzgl. 4.95 € Versandkosten.",lieferbar innerhalb von 2-5 Werktagen,2023-05-03 01:27:53.767890,"Abtropfgewicht 500G. Pfirsiche, Schnitten, gezuckert","Hinweis zur Aufbewahrung: Trocken lagern. Nach dem Öffnen den Restinhalt der Dose in ein geeignetes Gefäß umfüllen, kühl lagern und alsbaldig verbrauchen.","Verantwortliches Lebensmittelunternehmen:
EDEKA ZENTRALE Stiftung & Co. KG, D-22291 Hamburg","Zutatenverzeichnis: Pfirsiche, Wasser, Zucker, Säuerungsmittel: Citronensäure.",299,70,"0,1",0,"16,2","16,2","0,5","0,02",https://www.edeka24.de/Lebensmittel/Konserven/Obstkonserven/EDEKA-Tortenpfirsiche-in-Schnitten-gezuckert-820G.html,https://www.edeka24.de/out/pictures/generated/product/1/540_540_90/edeka_tortenpfirsiche_in_schnitten_gezuckert.jpg
2701,Lebensmittel,Konserven,Obstkonserven,EDEKA Erdbeeren ganze Frucht gezuckert 680G,"3,19 €","13,02 €/kg","inkl. MwSt., zzgl. 4.95 € Versandkosten.",lieferbar innerhalb von 2-5 Werktagen,2023-05-03 01:27:56.685796,"Abtropfgewicht 245G. Erdbeeren, gezuckert",Hinweis zur Aufbewahrung: Nach dem Öffnen kühl lagern und alsbaldig verbrauchen.,"Verantwortliches Lebensmittelunternehmen:
EDEKA ZENTRALE Stiftung & Co. KG, D-22291 Hamburg","Zutatenverzeichnis: Erdbeeren, Wasser, Zucker, färbendes Lebensmittel: Holunderbeersaftkonzentrat, Kirschsaftkonzentrat",332,78,"0,3","0,1","16,6","16,3","0,7","0,03",https://www.edeka24.de/Lebensmittel/Konserven/Obstkonserven/EDEKA-Erdbeeren-ganze-Frucht-gezuckert-680G.html,https://www.edeka24.de/out/pictures/generated/product/1/540_540_90/edeka_erdbeeren_gezuckert.jpg
2702,Lebensmittel,Konserven,Obstkonserven,Alnatura Bio Apfelmark mit Banane 360G,"1,59 €","4,42 €/kg","inkl. MwSt., zzgl. 4.95 € Versandkosten.",lieferbar innerhalb von 2-5 Werktagen,2023-05-03 01:27:59.674546,Bio Apfelmark mit Bananenpüree,Hinweis zur Aufbewahrung: Nach dem Öffnen im Kühlschrank aufbewahren und innerhalb von 3 Tagen verbrauchen.,"Verantwortliches Lebensmittelunternehmen:
Alnatura Produktions- und Handels GmbH, Mahatma-Gandhi-Str. 7, 64295 Darmstadt","Zutatenverzeichnis: Äpfel* 75%, Bananen* 25% *aus biologischer Landwirtschaft.",278,66,"0,3","0,1","14,3","13,1","0,5","0,01",https://www.edeka24.de/Lebensmittel/Konserven/Obstkonserven/Alnatura-Bio-Apfelmark-mit-Banane-360G.html,https://www.edeka24.de/out/pictures/generated/product/1/540_540_90/4104420033788alnaturabioapfelmarkmitbanane.png
2703,Lebensmittel,Konserven,Obstkonserven,EDEKA Ananas ganze Scheiben leicht gezuckert 836G,"3,09 €","6,27 €/kg","inkl. MwSt., zzgl. 4.95 € Versandkosten.",lieferbar innerhalb von 2-5 Werktagen,2023-05-03 01:28:02.604154,Abtropfgewicht 493G,"Hinweis zur Aufbewahrung: Trocken lagern. Nach dem Öffnen den Restinhalt der Dose in ein geeignetes Gefäß umfüllen, kühl lagern und alsbaldig verbrauchen.","Verantwortliches Lebensmittelunternehmen:
EDEKA ZENTRALE Stiftung & Co. KG, D-22291 Hamburg","Zutatenverzeichnis: Ananas, Wasser, Zucker, Säureregulator: Citronensäure.",309,73,"0,1",0,17,16,"0,5","0,005",https://www.edeka24.de/Lebensmittel/Konserven/Obstkonserven/EDEKA-Ananas-ganze-Scheiben-leicht-gezuckert-836G.html,https://www.edeka24.de/out/pictures/generated/product/1/540_540_90/edeka_ananas_ganze_scheiben_leicht_gezuckert_836g.jpg
2704,Lebensmittel,Konserven,Obstkonserven,Kühne Kirsch Grütze 375G,"2,19 €","5,84 €/kg","inkl. MwSt., zzgl. 4.95 € Versandkosten.",lieferbar innerhalb von 2-5 Werktagen,2023-05-03 01:28:05.471937,Rote Grütze Sauerkirschen,Hinweis zur Aufbewahrung: Nach Anbruch kühl lagern.,"Verantwortliches Lebensmittelunternehmen:
Carl Kühne KG (GmbH & Co.), 22761 Hamburg","Zutatenverzeichnis: 50% Sauerkirschen, Wasser, Glukose-Fruktose Sirup, Zucker, modifizierte Stärke, Verdickungsmittel Johannisbrotkernmehl und Xanthan, Säuerungsmittel Citronensäure",128,543,"0,1","0,1",30,25,"0,7",0,https://www.edeka24.de/Lebensmittel/Konserven/Obstkonserven/Kuehne-Kirsch-Gruetze-375G.html,https://www.edeka24.de/out/pictures/generated/product/1/540_540_90/khnekirschgrtze.jpg
2705,Lebensmittel,Konserven,Obstkonserven,"EDEKA Lychees entsteint, leicht gezuckert 425G","2,19 €","9,73 €/kg","inkl. MwSt., zzgl. 4.95 € Versandkosten.",lieferbar innerhalb von 2-5 Werktagen,2023-05-03 01:28:07.819588,Abtropfgewicht 225G,"Hinweis zur Aufbewahrung: Trocken lagern. Nach dem Öffnen den Restinhalt der Dose in ein geeignetes Gefäß umfüllen, kühl lagern und alsbaldig verbrauchen.","Verantwortliches Lebensmittelunternehmen:
EDEKA ZENTRALE Stiftung & Co. KG, D-22291 Hamburg","Zutatenverzeichnis: Lychees, Wasser, Zucker, Säureregulator, Citronensäure.",266,63,"0,1","0,1",15,14,"0,4","0,05",https://www.edeka24.de/Lebensmittel/Konserven/Obstkonserven/EDEKA-Lychees-entsteint-leicht-gezuckert-425G.html,https://www.edeka24.de/out/pictures/generated/product/1/540_540_90/edeka_lychees_entsteinte_framp252chte_leicht_gezuckert_425g.jpg
2706,Lebensmittel,Konserven,Obstkonserven,EDEKA Mandarin-Orangen leicht gezuckert große Dose 850G,"4,29 €","8,94 €/kg","inkl. MwSt., zzgl. 4.95 € Versandkosten.",lieferbar innerhalb von 2-5 Werktagen,2023-05-03 01:28:10.457566,Abtropfgewicht 480G. Mandarin-Orangen leicht gezuckert,"Hinweis zur Aufbewahrung: Trocken lagern. Nach dem Öffnen den Restinhalt der Dose in ein geeignetes Gefäß umfüllen, gekühlt bei +2 °C bis +7 C° aufbewahren und schnellstmöglich verbrauchen.","Verantwortliches Lebensmittelunternehmen:
EDEKA ZENTRALE Stiftung & Co. KG, D-22291 Hamburg","Zutatenverzeichnis: Mandarin-Orangen, Wasser, Zucker.",280,66,"0,4",0,"14,7","14,2","0,5","0,04",https://www.edeka24.de/Lebensmittel/Konserven/Obstkonserven/EDEKA-Mandarin-Orangen-leicht-gezuckert-grosse-Dose-850G.html,https://www.edeka24.de/out/pictures/generated/product/1/540_540_90/edekamandarin-orangen.jpg
2707,Lebensmittel,Konserven,Obstkonserven,EDEKA 5-Fruchtcocktail gezuckert 820G,"3,29 €","6,58 €/kg","inkl. MwSt., zzgl. 4.95 € Versandkosten.",lieferbar innerhalb von 2-5 Werktagen,2023-05-03 01:28:13.278662,Abtropfgewicht 500G. Fruchtcoctail aus 5 Früchten gezuckert,"Hinweis zur Aufbewahrung: Trocken lagern. Nach dem Öffnen den Restinhalt der Dose in ein geeignetes Gefäß umfüllen, kühl lagern und alsbaldig verbrauchen.","Verantwortliches Lebensmittelunternehmen:
EDEKA ZENTRALE Stiftung & Co. KG, D-22291 Hamburg","Zutatenverzeichnis: Zutaten: Obst in veränderlichen Gewichtsanteilen: Birnen, Pfirsiche; Wasser, Zucker, Obst in veränderlichen Gewichtsanteilen: Ananas, Weinbeeren; gefärbte Kirschen (Kirschen, Farbstoff: Erythrosin), Säuerungsmittel: Citronensäure.",68,290,"0,2","0,2","16,2","16,2","0,3","0,01",https://www.edeka24.de/Lebensmittel/Konserven/Obstkonserven/EDEKA-5-Fruchtcocktail-gezuckert-820G.html,https://www.edeka24.de/out/pictures/generated/product/1/540_540_90/edeka_5fruchtcocktail_gezuckert_ampnbsp820g.jpg
2708,Lebensmittel,Konserven,Obstkonserven,EDEKA Aprikosen halbe Frucht gezuckert 820G,"2,79 €","5,81 €/kg","inkl. MwSt., zzgl. 4.95 € Versandkosten.",lieferbar innerhalb von 2-5 Werktagen,2023-05-03 01:28:16.660209,"Abtropfgewicht: 480g. Aprikosen, halbe Frucht, gezuckert","Hinweis zur Aufbewahrung: Trocken lagern. Nach dem Öffnen den Restinhalt der Dose in ein geeignetes Gefäß umfüllen, kühl lagern und alsbaldig verbrauchen.","Verantwortliches Lebensmittelunternehmen:
EDEKA ZENTRALE Stiftung & Co. KG, D-22291 Hamburg","Zutatenverzeichnis: Aprikosen, Wasser, Zucker.",343,81,"0,1",0,"18,5","18,5","0,5","0,01",https://www.edeka24.de/Lebensmittel/Konserven/Obstkonserven/EDEKA-Aprikosen-halbe-Frucht-gezuckert-820G.html,https://www.edeka24.de/out/pictures/generated/product/1/540_540_90/edekaaprikosen.jpg
2709,Lebensmittel,Konserven,Obstkonserven,EDEKA Williams Christ Birnen gezuckert halbe Frucht 820 g,"3,29 €","7,15 €/kg","inkl. MwSt., zzgl. 4.95 € Versandkosten.",lieferbar innerhalb von 2-5 Werktagen,2023-05-03 01:28:19.636711,"Abtropfgewicht: 460g. Williams-Christ Birnen, halbe Frucht, gezuckert","Hinweis zur Aufbewahrung: Trocken lagern. Nach dem Öffnen den Restinhalt der Dose in ein geeignetes Gefäß umfüllen, kühl lagern und alsbaldig verbrauchen.","Verantwortliches Lebensmittelunternehmen:
EDEKA ZENTRALE Stiftung & Co. KG, D-22291 Hamburg","Zutatenverzeichnis: Birnen, Wasser, Zucker, Säuerungsmittel: Citronensäure, Festigungsmittel: Calciumchlorid.",74,313,1,0,18,18,"0,3","0,01",https://www.edeka24.de/Lebensmittel/Konserven/Obstkonserven/EDEKA-Williams-Christ-Birnen-gezuckert-halbe-Frucht-820-g.html,https://www.edeka24.de/out/pictures/generated/product/1/540_540_90/edekawcbgro.jpg
2710,Lebensmittel,Konserven,Obstkonserven,Kühne Rote Grütze 375G,"2,19 €","5,84 €/kg","inkl. MwSt., zzgl. 4.95 € Versandkosten.",lieferbar innerhalb von 2-5 Werktagen,2023-05-03 01:28:22.399752,-,Hinweis zur Aufbewahrung: Nach Anbruch kühl lagern.,"Verantwortliches Lebensmittelunternehmen:
Carl Kühne KG (GmbH & Co.), 22761 Hamburg","Zutatenverzeichnis: 50% Früchte (Sauerkirschen, schwarze Johannisbeeren, rote Johannisbeeren, Himbeeren),Wasser, Glukose-Fruktose Sirup, Zucker, modifizierte Stärke, Verdickungsmittel Johannisbrotkernmehl und Xanthan, Säuerungsmittel Citronensäure",103,437,"0,2","0,1",23,18,"0,7",0,https://www.edeka24.de/Lebensmittel/Konserven/Obstkonserven/Kuehne-Rote-Gruetze-375G.html,https://www.edeka24.de/out/pictures/generated/product/1/540_540_90/khnerotegrtze.jpg
2711,Lebensmittel,Konserven,Obstkonserven,Alnatura Bio Apfelmark 700G,"2,19 €","3,13 €/kg","inkl. MwSt., zzgl. 4.95 € Versandkosten.",lieferbar innerhalb von 2-5 Werktagen,2023-05-03 01:28:25.007567,-,Hinweis zur Aufbewahrung: Nach dem Öffnen im Kühlschrank aufbewahren und innerhalb von 3 Tagen verbrauchen.,"Verantwortliches Lebensmittelunternehmen:
Alnatura GmbH, Mahatma-Gandhi-Straße 7, 64295 Darmstadt",Zutatenverzeichnis: Äpfel* *aus biologischer Landwirtschaft,245,58,"0,5","0,1",12,12,"0,5","0,01",https://www.edeka24.de/Lebensmittel/Konserven/Obstkonserven/Alnatura-Bio-Apfelmark-700G.html,https://www.edeka24.de/out/pictures/generated/product/1/540_540_90/bio_alnatura_apfelmark_700g(1).jpg
2712,Lebensmittel,Konserven,Obstkonserven,Odenwald Apfelmus 720G,"2,79 €","3,88 €/kg","inkl. MwSt., zzgl. 4.95 € Versandkosten.",lieferbar innerhalb von 2-5 Werktagen,2023-05-03 01:28:27.499038,-,Hinweis zur Aufbewahrung: Nach dem Öffnen kühl lagern.,"Verantwortliches Lebensmittelunternehmen:
Andros Deutschland GmbH, 64747 Breuberg/Odenwald","Zutatenverzeichnis: Äpfel, Zucker, Glukose-Fruktose-Sirup, Säuerungsmittel: Citronensäure, Antioxidationsmittel: Ascorbinsäure.",84,357,"0,3","0,1","19,5","19,5","0,3","0,01",https://www.edeka24.de/Lebensmittel/Konserven/Obstkonserven/Odenwald-Apfelmus-720G.html,https://www.edeka24.de/out/pictures/generated/product/1/540_540_90/odenwald_apfelmus_720g.jpg
2713,Lebensmittel,Konserven,Obstkonserven,Alnatura Bio Apfelmark mit Aprikose 360G,"1,69 €","4,69 €/kg","inkl. MwSt., zzgl. 4.95 € Versandkosten.",lieferbar innerhalb von 2-5 Werktagen,2023-05-03 01:28:30.854842,Bio Apfelmark mit Aprikosenpüree,Hinweis zur Aufbewahrung: Nach dem Öffnen im Kühlschrank aufbewaren und innerhalb von 3 Tagen verbrauchen.,"Verantwortliches Lebensmittelunternehmen:
Alnatura GmbH, Mahatma-Gandhi-Straße 7, 64295 Darmstadt","Zutatenverzeichnis: Äpfel* (75%), Aprikosen* (25%) *aus biologischer Landwirtschaft.",227,54,"0,5","0,1",12,11,"0,5","0,01",https://www.edeka24.de/Lebensmittel/Konserven/Obstkonserven/Alnatura-Bio-Apfelmark-mit-Aprikose-360G.html,https://www.edeka24.de/out/pictures/generated/product/1/540_540_90/4104420033740alnaturabioapfelmarkmitaprikose.png
2714,Lebensmittel,Konserven,Obstkonserven,Alnatura Bio Apfelmark mit Mango 360G,"1,89 €","5,25 €/kg","inkl. MwSt., zzgl. 4.95 € Versandkosten.",lieferbar innerhalb von 2-5 Werktagen,2023-05-03 01:28:34.344302,Bio Apfelmark mit Mangopüree,Hinweis zur Aufbewahrung: Nach dem Öffnen im Kühlschrank aufbewahren und innerhalb von 3 Tagen verbrauchen.,"Verantwortliches Lebensmittelunternehmen:
Alnatura GmbH, Mahatma-Gandhi-Straße 7, 64295 Darmstadt","Zutatenverzeichnis: Äpfel* (80%), Mangos* (20%) *aus biologischer Landwirtschaft .",247,58,"0,5","0,1",12,12,"0,5","0,01",https://www.edeka24.de/Lebensmittel/Konserven/Obstkonserven/Alnatura-Bio-Apfelmark-mit-Mango-360G.html,https://www.edeka24.de/out/pictures/generated/product/1/540_540_90/alnatura_bio_apfelmark_mit_mango_360_g.jpg
2715,Lebensmittel,Konserven,Obstkonserven,"Odenwald Kaiserkirschen entsteint, gezuckert 700G","3,89 €","10,10 €/kg","inkl. MwSt., zzgl. 4.95 € Versandkosten.",lieferbar innerhalb von 2-5 Werktagen,2023-05-03 01:28:37.252181,Abtropfgewicht 385G,Hinweis zur Aufbewahrung: Nach dem Öffnen gekühlt lagern und innerhalb weniger Tage verzehren.,"Verantwortliches Lebensmittelunternehmen:
Andros Deutschland GmbH, 64747 Breuberg/Odenwald","Zutatenverzeichnis: Kirschen, Wasser, Zucker, Glukose-Fruktose-Sirup, Farbstoff E127.",78,331,"0,5","0,1",18,16,"0,5","0,01",https://www.edeka24.de/Lebensmittel/Konserven/Obstkonserven/Odenwald-Kaiserkirschen-entsteint-gezuckert-700G.html,https://www.edeka24.de/out/pictures/generated/product/1/540_540_90/odenwald_kaiserkirschen_entsteint_700g(1).jpg
2716,Lebensmittel,Konserven,Obstkonserven,Odenwald Wild-Preiselbeeren und Cranberries 400G,"3,99 €","9,98 €/kg","inkl. MwSt., zzgl. 4.95 € Versandkosten.",lieferbar innerhalb von 2-5 Werktagen,2023-05-03 01:28:40.020613,Wild-Preiselbeer-Cranberry-Zubereitung,Hinweis zur Aufbewahrung: Nach dem Öffnen gekühlt lagern und innerhalb weniger Tage verzehren.,"Verantwortliches Lebensmittelunternehmen:
Andros Deutschland GmbH, 64747 Breuberg","Zutatenverzeichnis: 40% Frucht (Wild-Preiselbeeren 20%, Cranberries 20%), Zucker, Wasser, Glukose-Fruktose-Sirup, Geliermittel: Pektin, Säuerungsmittel: Citronensäure, Festigungsmittel: Calciumcitrat.",780,184,"0,5","0,1",44,41,"0,5","0,01",https://www.edeka24.de/Lebensmittel/Konserven/Obstkonserven/Odenwald-Wild-Preiselbeeren-und-Cranberries-400G.html,https://www.edeka24.de/out/pictures/generated/product/1/540_540_90/odenwaldpreisel-cran.jpg
2717,Lebensmittel,Konserven,Obstkonserven,Alnatura Bio Wild Preiselbeeren 220G,"2,19 €","9,95 €/kg","inkl. MwSt., zzgl. 4.95 € Versandkosten.",lieferbar innerhalb von 2-5 Werktagen,2023-05-03 01:28:42.517616,Bio Wild-Preiselbeeren,Hinweis zur Aufbewahrung: Nach dem Öffnen im Kühlschrank aufbewahren.,"Verantwortliches Lebensmittelunternehmen:
Alnatura GmbH, Darmstädter Str. 63, 64404 Bickenbach","Zutatenverzeichnis: Wild-Preiselbeeren** 46%, Rohrohrzucker*, Wasser, Geliermittel: Pektin *aus biologischer Landwirtschaft **aus zertifizierter Wildsammlung .",688,162,"0,5","0,1",39,39,"0,5","0,01",https://www.edeka24.de/Lebensmittel/Konserven/Obstkonserven/Alnatura-Bio-Wild-Preiselbeeren-220G.html,https://www.edeka24.de/out/pictures/generated/product/1/540_540_90/bio_alnatura_wild_preiselbeeren_220g.jpg
2718,Lebensmittel,Konserven,Obstkonserven,Alnatura Bio Quitte-Birne Fruchtmark mit Banane 360G,"1,99 €","5,53 €/kg","inkl. MwSt., zzgl. 4.95 € Versandkosten.",lieferbar innerhalb von 2-5 Werktagen,2023-05-03 01:28:45.683949,"Bio Quitten-, Birnen- und Bananenmark",Hinweis zur Aufbewahrung: Nach dem Öffnen im Kühlschrank aufbewahren und innerhalb von 3 Tagen verbrauchen.,"Verantwortliches Lebensmittelunternehmen:
Alnatura GmbH, Darmstädter Str. 63, 64404 Bickenbach","Zutatenverzeichnis: Quitten* 45%, Birnen* 35%, Bananen* 20% *aus biologischer Landwirtschaft .",254,60,"0,5","0,1",12,10,"0,6","0,01",https://www.edeka24.de/Lebensmittel/Konserven/Obstkonserven/Alnatura-Bio-Quitte-Birne-Fruchtmark-mit-Banane-360G.html,https://www.edeka24.de/out/pictures/generated/product/1/540_540_90/alnatura_bio_quittebirne_fruchtmark_mit_banane_360_g.jpg
2719,Lebensmittel,Konserven,Obstkonserven,EDEKA Waldheidelbeeren gezuckert 340G,"1,79 €","14,32 €/kg","inkl. MwSt., zzgl. 4.95 € Versandkosten.",lieferbar innerhalb von 2-5 Werktagen,2023-05-03 01:28:48.751248,"Abtropfgewicht 125G. Waldheidelbeeren, ganze Frucht, gezuckert",Hinweis zur Aufbewahrung: Trocken lagern. Nach dem Öffnen kühl lagern und alsbaldig verbrauchen.,"Verantwortliches Lebensmittelunternehmen:
EDEKA ZENTRALE Stiftung & Co. KG, D-22291 Hamburg","Zutatenverzeichnis: Waldheidelbeeren, Wasser, Zucker, Festigungsmittel: Calciumlactat, Säuerungsmittel: Citronensäure.",327,77,"0,3","0,1","17,1","15,3","0,4","0,01",https://www.edeka24.de/Lebensmittel/Konserven/Obstkonserven/EDEKA-Waldheidelbeeren-gezuckert-340G.html,https://www.edeka24.de/out/pictures/generated/product/1/540_540_90/edeka_waldheidelbeeren_gezuckert.jpg
2720,Lebensmittel,Konserven,Obstkonserven,Spreewaldhof Stachelbeeren gezuckert 680G,"3,49 €","8,95 €/kg","inkl. MwSt., zzgl. 4.95 € Versandkosten.",lieferbar innerhalb von 2-5 Werktagen,2023-05-03 01:28:51.893178,Abtropfgewicht 390G.,,"Verantwortliches Lebensmittelunternehmen:
Spreewaldkonserve Golßen GmbH, Bahnhofstraße 1, D-15938 Golßen","Zutatenverzeichnis: Stachelbeeren, Wasser, Zucker",77,326,"0,1","0,1","17,1","17,1","0,5","0,05",https://www.edeka24.de/Lebensmittel/Konserven/Obstkonserven/Spreewaldhof-Stachelbeeren-gezuckert-680G.html,https://www.edeka24.de/out/pictures/generated/product/1/540_540_90/spreewaldhof_stachelbeeren_gezuckert_680g.jpg
2721,Lebensmittel,Konserven,Obstkonserven,Alnatura Bio Apfelmark Johannis- & Himbeere 360G,"2,19 €","6,08 €/kg","inkl. MwSt., zzgl. 4.95 € Versandkosten.",lieferbar innerhalb von 2-5 Werktagen,2023-05-03 01:28:54.638991,Bio Apfelmark mit Johannisbeer- und Himbeerpüree.,Hinweis zur Aufbewahrung: Nach dem Öffnen im Kühlschrank aufbewahren und innerhalb von 3 Tagen verbrauchen.,"Verantwortliches Lebensmittelunternehmen:
Alnatura GmbH, Mahatma-Ghandi-Str. 7, 64295 Darmstadt","Zutatenverzeichnis: Äpfel* 83%, Schwarze Johannisbeeren* 11%, Himbeeren* 6% *aus biologischer Landwirtschaft.",225,53,"0,5","0,1",11,11,"0,5","0,01",https://www.edeka24.de/Lebensmittel/Konserven/Obstkonserven/Alnatura-Bio-Apfelmark-Johannis-Himbeere-360G.html,https://www.edeka24.de/out/pictures/generated/product/1/540_540_90/bio_alnatura_apfelmark_johannisampamphimbeere_360g.jpg
2722,Lebensmittel,Konserven,Obstkonserven,Odenwald Schattenmorellen 700G,"4,49 €","12,83 €/kg","inkl. MwSt., zzgl. 4.95 € Versandkosten.",lieferbar innerhalb von 2-5 Werktagen,2023-05-03 01:28:57.112398,Abtropfgewicht 350G.,,"Verantwortliches Lebensmittelunternehmen:
Andros Deutschland GmbH, D-64747 Breuberg/Odenwald","Zutatenverzeichnis: Kirschen, Wasser, Zucker, Glukose-Fruktose-Sirup.",291,69,"0,5","0,1","15,0","14,0","0,6","0,01",https://www.edeka24.de/Lebensmittel/Konserven/Obstkonserven/Odenwald-Schattenmorellen-700G.html,https://www.edeka24.de/out/pictures/generated/product/1/540_540_90/odenwald_schattenmorellen_700g.jpg
2723,Lebensmittel,Konserven,Obstkonserven,Spreewaldhof Schwarze Johannisbeeren gezuckert 540G,"2,89 €","12,84 €/kg","inkl. MwSt., zzgl. 4.95 € Versandkosten.",lieferbar innerhalb von 2-5 Werktagen,2023-05-03 01:28:59.928149,Abtropfgewicht: 225G. schwarze Johannisbeeren gezuckert.,Hinweis zur Aufbewahrung: Nach dem Öffnen kühl und trocken lagern.,"Verantwortliches Lebensmittelunternehmen:
Obst- und Gemüseverarbeitung ""Spreewaldkonserve"" Golßen GmbH, Bahnhofstraße 1, D-15938 Golßen","Zutatenverzeichnis: Schwarze Johannisbeere, Wasser, Zucker",396,94,"0,2","<0,1",19,18,"0,9","0,03",https://www.edeka24.de/Lebensmittel/Konserven/Obstkonserven/Spreewaldhof-Schwarze-Johannisbeeren-gezuckert-540G.html,https://www.edeka24.de/out/pictures/generated/product/1/540_540_90/spreewaldhof_schwarze_johannisbeeren_gezuckert_540_g.jpg
2724,Lebensmittel,Konserven,Obstkonserven,"Alnatura Bio Apfelmark Guave, Mango & Maracuja 360G","1,69 €","4,69 €/kg","inkl. MwSt., zzgl. 4.95 € Versandkosten.",lieferbar innerhalb von 2-5 Werktagen,2023-05-03 01:29:02.930826,"Bio Apfelmark mit Guavenpüree, Mangopüree und Maracujasaftkonzentrat",Hinweis zur Aufbewahrung: Nach dem Öffnen im Kühlschrank aufbewahren und innerhalb von 3 Tagen verbrauchen.,"Verantwortliches Lebensmittelunternehmen:
Alnatura Produktions- und Handels GmbH, Mahatma-Gandhi-Str. 7, 64295 Darmstadt","Zutatenverzeichnis: Äpfel* 74%, Guaven* 15%, Mangos* 10%, Maracujasaftkonzentrat* *aus biologischer Landwirtschaft .",212,50,"0,5","0,1",11,11,"0,5","0,01",https://www.edeka24.de/Lebensmittel/Konserven/Obstkonserven/Alnatura-Bio-Apfelmark-Guave-Mango-Maracuja-360G.html,https://www.edeka24.de/out/pictures/generated/product/1/540_540_90/bio_alnatura_apfelmark_guave_mango_maracuja_360g.jpg
2725,Lebensmittel,Konserven,Obstkonserven,Demeter Bio Otto's Auslese Apfelmark 350G,"1,89 €","5,40 €/kg","inkl. MwSt., zzgl. 4.95 € Versandkosten.",lieferbar innerhalb von 2-5 Werktagen,2023-05-03 01:29:05.945755,-,Hinweis zur Aufbewahrung: Nach dem Öffnen kühl lagern und innerhalb weniger Tage aufbrauchen.,"Verantwortliches Lebensmittelunternehmen:
Schweizer Sauerkonserven GmbH, 99991 Großengottern",Zutatenverzeichnis: Äpfel*. *aus biologisch-dynamischem Anbau,216,51,"0,5","0,1",12,"9,9","0,5",0,https://www.edeka24.de/Lebensmittel/Konserven/Obstkonserven/Demeter-Bio-Otto-s-Auslese-Apfelmark-350G.html,https://www.edeka24.de/out/pictures/generated/product/1/540_540_90/demeter_otto039s_auslese_apfelmark_350g.jpg
2726,Lebensmittel,Konserven,Oliven-Peperoni,Dittmann Pfefferonen mild-pikant 250G,"1,49 €","11,92 €/kg","inkl. MwSt., zzgl. 4.95 € Versandkosten.",lieferbar innerhalb von 2-5 Werktagen,2023-05-03 01:29:09.013737,Abtropfgewicht: 125g. Pfefferonen mild pikant mit Süßungsmittel,Hinweis zur Aufbewahrung: Raumtemperatur Eventuelle schärfe ist naturbedingt.,"Verantwortliches Lebensmittelunternehmen:
Reichold Feinkost GmbH, Im Maisel 6 65232 Taunusstein","Zutatenverzeichnis: Pfefferonen, Wasser, Speisesalz, Säuerungsmittel: Citronensäure, Essigsäure, Konservierungsstoff: E 211, Farbstoff: Riboflavin, Antioxidationsmittel: E 224 (enthält SULFITE), Süßstoff: Saccharin.",114,27,"0,5","0,1","2,4","0,2","1,4","5,15",https://www.edeka24.de/Lebensmittel/Konserven/Oliven-Peperoni/Dittmann-Pfefferonen-mild-pikant-250G.html,https://www.edeka24.de/out/pictures/generated/product/1/540_540_90/dittmann_pfefferonen_mildpikant.jpg
2727,Lebensmittel,Konserven,Oliven-Peperoni,Dittmann Kapern mild-würzig eingelegt 90G,"2,19 €","36,50 €/kg","inkl. MwSt., zzgl. 4.95 € Versandkosten.",lieferbar innerhalb von 2-5 Werktagen,2023-05-03 01:29:11.603760,Abtropfgewicht: 60G. Kapern- mild würzig eingelegt,Hinweis zur Aufbewahrung: Nach dem Öffnen kühl lagern und innerhalb weniger Tage verbrauchen.,"Verantwortliches Lebensmittelunternehmen:
Reichold Feinkost GmbH, Im Maisel 6 65232 Taunusstein","Zutatenverzeichnis: Kapern, Wasser, Branntweinessig, Speisesalz",30,124,"0,5","0,2","1,9","0,2","1,3","5,85",https://www.edeka24.de/Lebensmittel/Konserven/Oliven-Peperoni/Dittmann-Kapern-mild-wuerzig-eingelegt-90G.html,https://www.edeka24.de/out/pictures/generated/product/1/540_540_90/dittmankapern.jpg
2728,Lebensmittel,Konserven,Oliven-Peperoni,Dittmann Spanische Oliven ohne Stein 300G,"2,79 €","18,00 €/kg","inkl. MwSt., zzgl. 4.95 € Versandkosten.",lieferbar innerhalb von 2-5 Werktagen,2023-05-03 01:29:14.357635,Abtropfgewicht 155G geschwärzte Oliven ohne Stein,Hinweis zur Aufbewahrung: Nach dem Öffnen kühl lagern und innerhalb weniger Tage verbrauchen.,"Verantwortliches Lebensmittelunternehmen:
Reichold Feinkost GmbH, Im Maisel 6 65232 Taunusstein","Zutatenverzeichnis: Oliven, Wasser, Speisesalz, Stabilisator: Eisen-II-gluconat",608,148,"14,4","2,4","0,2","0,2","1,3","2,1",https://www.edeka24.de/Lebensmittel/Konserven/Oliven-Peperoni/Dittmann-Spanische-Oliven-ohne-Stein-300G.html,https://www.edeka24.de/out/pictures/generated/product/1/540_540_90/dittmann_spanische_oliven_ohne_stein.jpg
2729,Lebensmittel,Konserven,Oliven-Peperoni,EDEKA Bio Oliven gefüllt mit Mandeln 350G,"2,79 €","13,95 €/kg","inkl. MwSt., zzgl. 4.95 € Versandkosten.",lieferbar innerhalb von 2-5 Werktagen,2023-05-03 01:29:17.588324,"Abtropfgewicht: 200G. Grüne Oliven entsteint, gefüllt mit Mandeln",Hinweis zur Aufbewahrung: Trocken lagern. Nach dem Öffnen kühl lagern und alsbaldig verbrauchen.,"Verantwortliches Lebensmittelunternehmen:
EDEKA Zentrale Stiftung & Co. KG, 22291 Hamburg","Zutatenverzeichnis: 47% entsteinte grüne Oliven***, Wasser, 7,5% blanchierte MANDELN***, Meersalz, Säuerungsmittel: Citronensäure, Milchsäure. ***aus kontrolliert ökologischer Landwirtschaft",1010,245,"24,5","1,8","0,4",0,"3,5",3,https://www.edeka24.de/Lebensmittel/Konserven/Oliven-Peperoni/EDEKA-Bio-Oliven-gefuellt-mit-Mandeln-350G.html,https://www.edeka24.de/out/pictures/generated/product/1/540_540_90/bio_edeka_griechische_oliven_gefamp252llt_mit_mandeln_350g.jpg
2730,Lebensmittel,Konserven,Oliven-Peperoni,Herr Edelmann Pfefferoni rot scharf 320G,"2,59 €","15,70 €/kg","inkl. MwSt., zzgl. 4.95 € Versandkosten.",lieferbar innerhalb von 2-5 Werktagen,2023-05-03 01:29:20.663426,"Abtropfgewicht 165G. Pfefferoni, rot, scharf",Hinweis zur Aufbewahrung: Nach erster Öffnung wieder gut verschließen und im Kühlschrank aufbewahren.,"Verantwortliches Lebensmittelunternehmen:
Huberti GmbH, Dorfstr. 61, 40667 Meerbusch","Zutatenverzeichnis: Rote Pfefferoni, Wasser, Salz, Säuerungsmittel: Essigsäure, Citronensäure.",101,20,"0,16",0,"2,4","2,3","0,5","1,5",https://www.edeka24.de/Lebensmittel/Konserven/Oliven-Peperoni/Herr-Edelmann-Pfefferoni-rot-scharf-320G.html,https://www.edeka24.de/out/pictures/generated/product/1/540_540_90/herr_edelmann_pfefferoni_rot_scharf_320_g.jpg
2731,Lebensmittel,Konserven,Oliven-Peperoni,Dittmann Spanische Oliven ohne Stein 250G,"1,89 €","15,12 €/kg","inkl. MwSt., zzgl. 4.95 € Versandkosten.",lieferbar innerhalb von 2-5 Werktagen,2023-05-03 01:29:23.652050,Abtropfgewicht 125G Geschwärzte Oliven ohne Stein.,Hinweis zur Aufbewahrung: Nach dem Öffnen kühl lagern und innerhalb weniger Tage verbrauchen.,"Verantwortliches Lebensmittelunternehmen:
Reichold Feinkost GmbH, Im Maisel 6, 65232 Taunusstein","Zutatenverzeichnis: Oliven, Wasser, Speisesalz, Säuerungsmittel: Milchsäure, Stabilisator: Eisen (III)-gluconat.",695,169,18,"3,3","0,5","0,1","1,2",3,https://www.edeka24.de/Lebensmittel/Konserven/Oliven-Peperoni/Dittmann-Spanische-Oliven-ohne-Stein-250G.html,https://www.edeka24.de/out/pictures/generated/product/1/540_540_90/feinkost_dittmann_geschwamp228rzte_oliven_ohne_stein_250g.jpg
2732,Lebensmittel,Konserven,Oliven-Peperoni,Alnatura Origin Bio Oliven Mix mit Kräutern 180G,"3,79 €","21,06 €/kg","inkl. MwSt., zzgl. 4.95 € Versandkosten.",lieferbar innerhalb von 2-5 Werktagen,2023-05-03 01:29:26.405394,"Bio Mischung aus schwarzen Kalamata- und grünen Oliven mit Kräutern, ohne Stein",Hinweis zur Aufbewahrung: Nach dem Öffnen bitte im Kühlschrank aufbewahren und innerhalb von 14 Tagen aufbrauchen.,"Verantwortliches Lebensmittelunternehmen:
Alnatura GmbH, Mahatma-Gandhi-Straße 7, 64295 Darmstadt","Zutatenverzeichnis: Oliven* grün 50%, Oliven* schwarz 49%, natives Olivenöl extra*, Oregano*, Thymian*, Rosmarin*, Weißweinessig*, Meersalz *aus biologischer Landwirtschaft",837,203,20,"2,9","1,6","0,5","2,2","2,9",https://www.edeka24.de/Lebensmittel/Konserven/Oliven-Peperoni/Alnatura-Origin-Bio-Oliven-Mix-mit-Kraeutern-180G.html,https://www.edeka24.de/out/pictures/generated/product/1/540_540_90/bio_alnatura_origin_oliven_mix_mit_kramp228utern_180g.jpg
2733,Lebensmittel,Konserven,Oliven-Peperoni,Dittmann Pfefferonen mild-pikant 500G,"2,29 €","11,45 €/kg","inkl. MwSt., zzgl. 4.95 € Versandkosten.",lieferbar innerhalb von 2-5 Werktagen,2023-05-03 01:29:28.966139,"Abtropfgewicht 200G Pfefferonen, mild- pikant mit Süßungsmittel",,"Verantwortliches Lebensmittelunternehmen:
Reichold Feinkost GmbH, Im Maisel 6, 65232 Taunusstein","Zutatenverzeichnis: Pfefferonen, Wasser, Speisesalz, Säuerungsmittel: Citronensäure, Essigsäure, Konservierungsstoff: E 211, Farbstoff: Riboflavin, Antioxidationsmittel: KALIUMMETABISULFIT, Süßstoff: Saccharin.",114,27,"0,5","0,1","2,4","0,2","1,4","5,15",https://www.edeka24.de/Lebensmittel/Konserven/Oliven-Peperoni/Dittmann-Pfefferonen-mild-pikant-500G.html,https://www.edeka24.de/out/pictures/generated/product/1/540_540_90/dittmann_pfefferonen_mildpikant_500g.jpg
2734,Lebensmittel,Konserven,Oliven-Peperoni,Alnatura Origin Bio Peperoni mild 350G,"2,99 €","16,61 €/kg","inkl. MwSt., zzgl. 4.95 € Versandkosten.",lieferbar innerhalb von 2-5 Werktagen,2023-05-03 01:29:31.889265,"Abtropfgewicht 180G. Bio Peperoni, grün, mild, in Lake",Hinweis zur Aufbewahrung: Nach dem Öffnen im Kühlschrank lagern und innerhalb von 10 Tagen verbrauchen.,"Verantwortliches Lebensmittelunternehmen:
Alnatura Produktions- und Handels GmbH, Mahatma-Gandhi-Str. 7, 64295 Darmstadt","Zutatenverzeichnis: Peperoni* grün, Wasser, Meersalz, Weinessig*, Säuerungsmittel: Zitronensäure *aus biologischer Landwirtschaft .",108,26,"0,6","0,1","3,3","0,5","0,6",5,https://www.edeka24.de/Lebensmittel/Konserven/Oliven-Peperoni/Alnatura-Origin-Bio-Peperoni-mild-350G.html,https://www.edeka24.de/out/pictures/generated/product/1/540_540_90/alnatura_bio_peperoni_mild_350_g.jpg
2735,Lebensmittel,Konserven,Oliven-Peperoni,Alnatura Origin Bio Kalamata Oliven ohne Stein 350G,"3,49 €","19,39 €/kg","inkl. MwSt., zzgl. 4.95 € Versandkosten.",lieferbar innerhalb von 2-5 Werktagen,2023-05-03 01:29:35.036254,"Abtropfgewicht 180G. Bio Kalamata Oliven, schwarz, ohne Stein, in Lake",Hinweis zur Aufbewahrung: Nach dem Öffnen im Kühlschrank lagern und innerhalb von 14 Tagen verbrauchen.,"Verantwortliches Lebensmittelunternehmen:
Alnatura GmbH, Mahatma-Gandhi-Straße 7, 64295 Darmstadt","Zutatenverzeichnis: Oliven* schwarz, Wasser, Meersalz, Rotweinessig* *aus biologischer Landwirtschaft .",1149,279,29,"3,8","1,3","0,5",2,3,https://www.edeka24.de/Lebensmittel/Konserven/Oliven-Peperoni/Alnatura-Origin-Bio-Kalamata-Oliven-ohne-Stein-350G.html,https://www.edeka24.de/out/pictures/generated/product/1/540_540_90/alnaturakalamata.jpg
2736,Lebensmittel,Konserven,Oliven-Peperoni,Alnatura Origin Bio Oliven mit Mandeln 350G,"3,99 €","19,95 €/kg","inkl. MwSt., zzgl. 4.95 € Versandkosten.",lieferbar innerhalb von 2-5 Werktagen,2023-05-03 01:29:38.200229,"Abtropfgewicht 200G. Bio Oliven, grün, mit Mandeln, in Lake",Hinweis zur Aufbewahrung: Nach dem Öffnen im Kühlschrank lagern und innerhalb von 14 Tagen verbrauchen.,"Verantwortliches Lebensmittelunternehmen:
Alnatura GmbH, Darmstädter Str. 63, 64404 Bickenbach","Zutatenverzeichnis: Oliven* grün 49%, Wasser, MANDELN* 9%, Weißweinessig*, Meersalz *aus biologischer Landwirtschaft.",854,207,20,"1,8",1,"0,5","4,2",2,https://www.edeka24.de/Lebensmittel/Konserven/Oliven-Peperoni/Alnatura-Origin-Bio-Oliven-mit-Mandeln-350G.html,https://www.edeka24.de/out/pictures/generated/product/1/540_540_90/bio_alnatura_origin_oliven_mit_mandeln_350g.jpg
2737,Lebensmittel,Konserven,Oliven-Peperoni,Herr Edelmann Halkidiki Oliven mit Chili ohne Stein 150G,"2,29 €","15,27 €/kg","inkl. MwSt., zzgl. 4.95 € Versandkosten.",lieferbar innerhalb von 2-5 Werktagen,2023-05-03 01:29:41.359875,"Halkidiki Oliven, ohne Stein, Jumbo, mit Chili, ohne Salzlake",Hinweis zur Aufbewahrung: Nach erster Öffnung wieder gut verschließen und kühl und trocken lagern öffnen und sofort verwendbar,"Verantwortliches Lebensmittelunternehmen:
Huberti GmbH, Hindenburgstr. 7, 40667 Meerbusch","Zutatenverzeichnis: Grüne Oliven, Chili, Salz, Kräuter der Provence, Säuerungsmittel: (Milchsäure,Citronensäure)",540,131,"12,9","1,8","1,7","1,7","1,3","3,1",https://www.edeka24.de/Lebensmittel/Konserven/Oliven-Peperoni/Herr-Edelmann-Halkidiki-Oliven-mit-Chili-ohne-Stein-150G.html,https://www.edeka24.de/out/pictures/generated/product/1/540_540_90/herr_edelmann_halkidiki_oliven_mit_chili_ohne_stein_150_g.jpg
2738,Lebensmittel,Konserven,Oliven-Peperoni,Dittmann Kräuter Oliven grün ohne Stein 170G,"2,79 €","16,41 €/kg","inkl. MwSt., zzgl. 4.95 € Versandkosten.",lieferbar innerhalb von 2-5 Werktagen,2023-05-03 01:29:44.118818,"Kräuter Oliven, grün ohne Stein trocken eingelegt",Hinweis zur Aufbewahrung: Nach dem Öffnen gekühlt lagern und innerhalb weniger Tage verbrauchen.,"Verantwortliches Lebensmittelunternehmen:
Reichold Feinkost GmbH, Im Maisel 6, 65232 Taunusstein","Zutatenverzeichnis: 84% Oliven (Oliven, Speisesalz, Säuerungsmittel: Milchsäure), Wasser, Rapsöl, Speisesalz, Branntweinessig, 1,3% Kräuter der Provence (Rosmarin, Basilikum, Fenchel, Majoran, Bohnenkraut, Thymian, Oregano, Lavendel), Geschmacksverstärker: Mononatriumglutamat, Knoblauch, Gewürze, Säuerungsmittel: Milchsäure, Weinsäure, Äpfelsäure, Antioxidationsmittel: Ascorbinsäure, Aroma",190,780,"18,8","2,3","1,3","0,3","1,3",4,https://www.edeka24.de/Lebensmittel/Konserven/Oliven-Peperoni/Dittmann-Kraeuter-Oliven-gruen-ohne-Stein-170G.html,https://www.edeka24.de/out/pictures/generated/product/1/540_540_90/dittmann_kruter_oliven_grn_ohne_stein_170_g.jpg
2739,Lebensmittel,Konserven,Oliven-Peperoni,Herr Edelmann Halbgetrocknete Tomaten 150G,"2,59 €","17,27 €/kg","inkl. MwSt., zzgl. 4.95 € Versandkosten.",lieferbar innerhalb von 2-5 Werktagen,2023-05-03 01:29:46.833644,"Halbgetrocknete Tomaten mit Meersalz, sonnensüß, verzehrfertig",Hinweis zur Aufbewahrung: Nach dem Öffnen im Kühlschrank lagern und innerhalb weniger Tage verzehren.,"Verantwortliches Lebensmittelunternehmen:
Huberti GmbH, Dorfstr. 61, 40667 Meerbusch","Zutatenverzeichnis: Getrocknete Tomaten, Meersalz, Säuerungsmittel: Citronensäure, Essigsäure, Ascorbinsäure",423,100,"0,8","0,3","14,2","12,1","6,2",3,https://www.edeka24.de/Lebensmittel/Konserven/Oliven-Peperoni/Herr-Edelmann-Halbgetrocknete-Tomaten-150G.html,https://www.edeka24.de/out/pictures/generated/product/1/540_540_90/herr_edelmann_halbgetrocknete_tomaten_150_g.jpg
2740,Lebensmittel,Konserven,Oliven-Peperoni,Herr Edelmann Kalamata Oliven ohne Stein 150G,"2,49 €","16,60 €/kg","inkl. MwSt., zzgl. 4.95 € Versandkosten.",lieferbar innerhalb von 2-5 Werktagen,2023-05-03 01:29:49.915889,"Kalamata Oliven ohne Stein Superior, Natur, ohne Salzlake",Hinweis zur Aufbewahrung: Nach erster Öffnung wieder gut verschließen und kühl und trocken lagern öffnen und sofort verwendbar,"Verantwortliches Lebensmittelunternehmen:
Huberti GmbH, Dorfstr. 61, 40667 Meerbusch","Zutatenverzeichnis: Kalamata Oliven, Salz, Säuerungsmittel: (Milchsäure,Citronensäure)",256,1051,"26,9","2,3","0,1","0,1","1,9",4,https://www.edeka24.de/Lebensmittel/Konserven/Oliven-Peperoni/Herr-Edelmann-Kalamata-Oliven-ohne-Stein-150G.html,https://www.edeka24.de/out/pictures/generated/product/1/540_540_90/herr_edelmann_kalamata_oliven_natur_150_g.jpg
2741,Lebensmittel,Konserven,Würstchen im Glas,Meica 6 Saft-Bockwürste 380G,"2,99 €","16,61 €/kg","inkl. MwSt., zzgl. 4.95 € Versandkosten.",lieferbar innerhalb von 2-5 Werktagen,2023-05-03 01:29:53.117302,Abtropfgewicht 180G. Bockwurst in Eigenhaut,Hinweis zur Aufbewahrung: Nach dem Öffnen sind Ihre Meica Würstchen im Kühlschrank noch 2 Tage haltbar.,"Verantwortliches Lebensmittelunternehmen:
Meica GmbH & Co. KG, Meicastraße 6, 26188 Edewecht","Zutatenverzeichnis: Schweinefleisch 78 %, Trinkwasser, Speisesalz, Gewürze, Gewürzextrakte (mit SELLERIE), Dextrose, Antioxidationsmittel: Ascorbinsäure, Konservierungsstoff: Natriumnitrit, Rauch. Kann Spuren von MILCHEIWEIß, SENF enthalten.",248,1027,22,"8,8","0,5","0,5",12,"1,8",https://www.edeka24.de/Lebensmittel/Konserven/Wuerstchen-im-Glas/Meica-6-Saft-Bockwuerste-380G.html,https://www.edeka24.de/out/pictures/generated/product/1/540_540_90/meica_6_saftbockwrste.jpg
2742,Lebensmittel,Konserven,Würstchen im Glas,Meica 6+1 Trueman's American Style Hot Dog 540G,"4,49 €","12,83 €/kg","inkl. MwSt., zzgl. 4.95 € Versandkosten.",lieferbar innerhalb von 2-5 Werktagen,2023-05-03 01:29:56.062524,Abtropfgewicht 350G. Würstchen in Eigenhaut,,"Verantwortliches Lebensmittelunternehmen:
Meica GmbH & Co. KG, Meicastraße 6, 26188 Edewecht","Zutatenverzeichnis: Schweinefleisch 80 %, Trinkwasser, Speisesalz, Gewürze, Gewürzextrakte, Dextrose, Antioxidationsmittel: Ascorbinsäure, Konservierungsstoff: Natriumnitrit, Rauch. Kann Spuren von MILCHEIWEIß, SELLERIE, SENF enthalten.",802,193,15,6,"0,5","0,5",14,2,https://www.edeka24.de/Lebensmittel/Konserven/Wuerstchen-im-Glas/Meica-6-1-Trueman-s-American-Style-Hot-Dog-540G.html,https://www.edeka24.de/out/pictures/generated/product/1/540_540_90/122403_truemans_61_350g_classic.jpg
2743,Lebensmittel,Konserven,Würstchen im Glas,Meica 6 Deutschländer Würstchen 660G,"5,49 €","16,64 €/kg","inkl. MwSt., zzgl. 4.95 € Versandkosten.",lieferbar innerhalb von 2-5 Werktagen,2023-05-03 01:30:02.778431,Abtropfgewicht 330G.,Hinweis zur Aufbewahrung: Nach dem Öffnen sind Ihre Meica Würstchen im Kühlschrank noch 2 Tage haltbar.,"Verantwortliches Lebensmittelunternehmen:
Meica GmbH & Co. KG, Meicastraße 6, 26188 Edewecht","Zutatenverzeichnis: Schweinefleisch 86 %, Trinkwasser, Speisesalz, Gewürze, Gewürzextrakte (mit SELLERIE), Dextrose, Antioxidationsmittel: Ascorbinsäure, Konservierungsstoff: Natriumnitrit, Schafsaitling, Buchenholzrauch. Kann Spuren von MILCHEIWEIß, SENF enthalten.",229,950,19,"7,2","0,5","0,5",14,"1,8",https://www.edeka24.de/Lebensmittel/Konserven/Wuerstchen-im-Glas/Meica-6-Deutschlaender-Wuerstchen-660G.html,https://www.edeka24.de/out/pictures/generated/product/1/540_540_90/meica_6_deutschlnder_wrstchen.jpg
2744,Lebensmittel,Konserven,Würstchen im Glas,Meica Geflügel-Wiener 540G,"4,49 €","17,96 €/kg","inkl. MwSt., zzgl. 4.95 € Versandkosten.",lieferbar innerhalb von 2-5 Werktagen,2023-05-03 01:30:05.723802,Abtropfgewicht 250G. Geflügel-Wiener,Hinweis zur Aufbewahrung: Nach dem Öffnen sind Ihre Meica Würstchen im Kühlschrank noch 2 Tage haltbar.,"Verantwortliches Lebensmittelunternehmen:
Meica GmbH & Co. KG, Meicastraße 6, 26188 Edewecht","Zutatenverzeichnis: 80% Geflügelfleisch (Putenfleisch, Hähnchenfleisch), Trinkwasser, Speisesalz, Gewürze, Gewürzextrakte, Dextrose, Antioxidationsmittel: Ascorbinsäure, Konservierungsstoff: Natriumnitrit, Schafsaitling, Rauch. Kann Spuren von MILCHEIWEIß, SELLERIE, SENF enthalten.",617,148,10,3,"0,5","0,5",14,"1,9",https://www.edeka24.de/Lebensmittel/Konserven/Wuerstchen-im-Glas/Meica-Gefluegel-Wiener-540G.html,https://www.edeka24.de/out/pictures/generated/product/1/540_540_90/meica_6_geflgel_wrstchen(1).jpg
2745,Lebensmittel,Konserven,Würstchen im Glas,Meica 6 Wiener Würstchen 540G,"4,99 €","19,96 €/kg","inkl. MwSt., zzgl. 4.95 € Versandkosten.",lieferbar innerhalb von 2-5 Werktagen,2023-05-03 01:30:08.770595,Abtropfgewicht 250G.,Hinweis zur Aufbewahrung: Nach dem Öffnen sind Ihre Meica Würstchen im Kühlschrank noch 2 Tage haltbar.,"Verantwortliches Lebensmittelunternehmen:
Meica GmbH & Co. KG, Meicastraße 6, 26188 Edewecht","Zutatenverzeichnis: Schweinefleisch 80 %, Trinkwasser, Speisesalz, Gewürze, Gewürzextrakte (mit SELLERIE), Dextrose, Antioxidationsmittel: Ascorbinsäure, Konservierungsstoff: Natriumnitrit, Schafsaitling, Rauch. Kann Spuren von MILCHEIWEIß, SENF enthalten.",248,1027,22,"8,8","0,5","0,5",12,"1,8",https://www.edeka24.de/Lebensmittel/Konserven/Wuerstchen-im-Glas/Meica-6-Wiener-Wuerstchen-540G.html,https://www.edeka24.de/out/pictures/generated/product/1/540_540_90/meica_6_wiener_wrstchen.jpg
2746,Lebensmittel,Konserven,Würstchen im Glas,Meica Geflügel-Würstchen 380G,"3,79 €","21,06 €/kg","inkl. MwSt., zzgl. 4.95 € Versandkosten.",lieferbar innerhalb von 2-5 Werktagen,2023-05-03 01:30:12.056010,Abtropfgewicht 180G. Geflügel-Würstchen in Eigenhaut,Hinweis zur Aufbewahrung: Nach dem Öffnen sind Ihre Meica Würstchen im Kühlschrank noch 2 Tage haltbar.,"Verantwortliches Lebensmittelunternehmen:
Meica GmbH & Co. KG, Meicastraße 6, 26188 Edewecht","Zutatenverzeichnis: 80% Geflügelfleisch (Putenfleisch, Hähnchenfleisch), Trinkwasser, Speisesalz, Gewürze, Gewürzextrakte, Dextrose, Antioxidationsmittel: Ascorbinsäure, Konservierungsstoff: Natriumnitrit,Rauch. Kann Spuren von MILCHEIWEIß, SELLERIE, SENF enthalten",617,148,10,3,"0,5","0,5",14,"1,9",https://www.edeka24.de/Lebensmittel/Konserven/Wuerstchen-im-Glas/Meica-Gefluegel-Wuerstchen-380G.html,https://www.edeka24.de/out/pictures/generated/product/1/540_540_90/meica_geflamp252gelwamp252rstchen6st_extra_zart_380g.jpg
2747,Lebensmittel,Konserven,Würstchen im Glas,Meica Kleine Wiener 375G,"3,49 €","23,27 €/kg","inkl. MwSt., zzgl. 4.95 € Versandkosten.",lieferbar innerhalb von 2-5 Werktagen,2023-05-03 01:30:14.829761,Abtropfgewicht 150G. Wiener Würstchen,Hinweis zur Aufbewahrung: Nach dem Öffnen sind Ihre Meica Würstchen im Kühlschrank noch 2 Tage haltbar.,"Verantwortliches Lebensmittelunternehmen:
Meica GmbH & Co. KG, Meicastraße 6, 26188 Edewecht","Zutatenverzeichnis: Schweinefleisch 80 %, Trinkwasser, Speisesalz, Gewürze, Gewürzextrakte (mit SELLERIE), Dextrose, Antioxidationsmittel: Ascorbinsäure, Konservierungsstoff: Natriumnitrit, Schafsaitling, Rauch. Kann Spuren von MILCHEIWEIß, SENF enthalten.",248,1027,22,"8,8","0,5","0,5",12,"1,8",https://www.edeka24.de/Lebensmittel/Konserven/Wuerstchen-im-Glas/Meica-Kleine-Wiener-375G.html,https://www.edeka24.de/out/pictures/generated/product/1/540_540_90/meica_6_kleine_wiener_150g.jpg
2748,Lebensmittel,Konserven,Würstchen im Glas,Meica 6 Frankfurter Würstchen 540G,"4,99 €","19,96 €/kg","inkl. MwSt., zzgl. 4.95 € Versandkosten.",lieferbar innerhalb von 2-5 Werktagen,2023-05-03 01:30:18.426378,Abtropfgewicht 250G.,Hinweis zur Aufbewahrung: Nach dem Öffnen sind Ihre Meica Würstchen im Kühlschrank noch 2 Tage haltbar.,"Verantwortliches Lebensmittelunternehmen:
Meica GmbH & Co. KG, Meicastraße 6, 26188 Edewecht","Zutatenverzeichnis: Schweinefleisch 80 %, Trinkwasser, Speisesalz, Gewürze, Gewürzextrakte, Dextrose, Antioxidationsmittel: Ascorbinsäure, Konservierungsstoff: Natriumnitrit, Schafsaitling, Rauch. Kann Spuren von MILCHEIWEIß, SELLERIE, SENF enthalten.",243,1007,21,"8,4","0,5","0,5",13,"1,8",https://www.edeka24.de/Lebensmittel/Konserven/Wuerstchen-im-Glas/Meica-6-Frankfurter-Wuerstchen-540G.html,https://www.edeka24.de/out/pictures/generated/product/1/540_540_90/meica_6_frankfurter_wrstchen.jpg
2749,Lebensmittel,Konserven,Würstchen im Glas,Zimmermann Münchner Weißwürste 530G,"4,99 €","19,96 €/kg","inkl. MwSt., zzgl. 4.95 € Versandkosten.",lieferbar innerhalb von 2-5 Werktagen,2023-05-03 01:30:21.519208,Abtropfgewicht 250G. Münchner Weißwürste,Hinweis zur Aufbewahrung: Bei Raumtemperatur mindestens haltbar bis: zum Ablauf des aufgedruckten MHDs,"Verantwortliches Lebensmittelunternehmen:
Fleischwerke E. Zimmermann GmbH & Co. KG, Edmund-Zimmermann-Straße 29, D-86470 Thannhausen/Bayern","Zutatenverzeichnis: Schweinefleisch (75%), Speck, Trinkwasser, gekochte Schwarten, jodiertes Speisesalz (Speisesalz, Kaliumjodat), Petersilie, Gewürze, Gewürzextrakte, Zitronenöl, Dextrose, Stabilisator: Diphosphate, Schweinedarm. Kann Spuren von SENF und SELLERIE enthalten.",1026,248,22,9,"0,5","0,1","11,5","1,3",https://www.edeka24.de/Lebensmittel/Konserven/Wuerstchen-im-Glas/Zimmermann-Muenchner-Weisswuerste-530G.html,https://www.edeka24.de/out/pictures/generated/product/1/540_540_90/zimmermann_mnchner_weiwrste_4_stck.jpg
2750,Lebensmittel,Konserven,Würstchen im Glas,Halberstädter Würstchen 450G,"5,99 €","23,96 €/kg","inkl. MwSt., zzgl. 4.95 € Versandkosten.",lieferbar innerhalb von 2-5 Werktagen,2023-05-03 01:30:24.707521,Abtropfgewicht 250G. 5 Bockwürstchen.,Hinweis zur Aufbewahrung: Nach dem Öffnen kühl lagern und innerhalb von 2 Tagen verbrauchen.,"Verantwortliches Lebensmittelunternehmen:
Halberstädter Würstchen- und Konservenfabrik GmbH & Co. KG, 38820 Halberstadt","Zutatenverzeichnis: Schweine- und Rindfleisch (80%), Trinkwasser, Speisesalz, Glukosesirup, Gewürze, Würze, Stabilisator: Diphosphate, Antioxidationsmittel: Ascorbinsäure, Konservierungsstoff: Natriumnitrit, Schafsaitling, Kaminrauch.",1104,267,24,9,1,"0,5","11,9",2,https://www.edeka24.de/Lebensmittel/Konserven/Wuerstchen-im-Glas/Halberstaedter-Wuerstchen-450G.html,https://www.edeka24.de/out/pictures/generated/product/1/540_540_90/halberstamp228dter_wamp252rstchen_mit_rindfleisch_im_kamin_geramp228uchert_im_zarten_saitling_5st_450g.jpg
2751,Lebensmittel,Konserven,Würstchen im Glas,Meica Mini Wini Singles 380G,"4,99 €","19,19 €/kg","inkl. MwSt., zzgl. 4.95 € Versandkosten.",lieferbar innerhalb von 2-5 Werktagen,2023-05-03 01:30:29.544292,Abtropfgewicht 260G. Würstchen in Eigenhaut,,"Verantwortliches Lebensmittelunternehmen:
Meica GmbH & Co. KG, Meicastraße 6, 26188 Edewecht","Zutatenverzeichnis: Schweinefleisch 78 %, Trinkwasser, Speisesalz, Gewürze, Gewürzextrakte (mit SELLERIE), Dextrose, Antioxidationsmittel: Ascorbinsäure, Konservierungsstoff: Natriumnitrit, Rauch. Kann Spuren von MILCHEIWEIß, SENF enthalten.",234,970,20,8,"0,5","0,5",13,"1,8",https://www.edeka24.de/Lebensmittel/Konserven/Wuerstchen-im-Glas/Meica-Mini-Wini-Singles-380G.html,https://www.edeka24.de/out/pictures/generated/product/1/540_540_90/meica_mini_winis_singles_380g.jpg
2752,Lebensmittel,Konserven,Würstchen im Glas,Meica Mini-Wini Würstchenkette 380G,"4,99 €","26,26 €/kg","inkl. MwSt., zzgl. 4.95 € Versandkosten.",lieferbar innerhalb von 2-5 Werktagen,2023-05-03 01:30:32.441972,Abtropfgewicht 190G.,Hinweis zur Aufbewahrung: Nach dem Öffnen sind Ihre Meica Würstchen im Kühlschrank noch 2 Tage haltbar.,"Verantwortliches Lebensmittelunternehmen:
Meica GmbH & Co. KG, Meicastraße 6, 26188 Edewecht","Zutatenverzeichnis: Schweinefleisch 78 %, Trinkwasser, Speisesalz, Gewürze, Gewürzextrakte (mit SELLERIE), Dextrose, Antioxidationsmittel: Ascorbinsäure, Konservierungsstoff: Natriumnitrit, Schafsaitling, Rauch. Kann Spuren von MILCHEIWEIß, SENF enthalten.",970,234,20,8,"0,5","0,5",13,"1,8",https://www.edeka24.de/Lebensmittel/Konserven/Wuerstchen-im-Glas/Meica-Mini-Wini-Wuerstchenkette-380G.html,https://www.edeka24.de/out/pictures/generated/product/1/540_540_90/meica_miniwini_wrstchenkette.jpg
2753,Lebensmittel,Konserven,Wurstkonserven,Dietz Delikate Lyoner 200G,"4,29 €","21,45 €/kg","inkl. MwSt., zzgl. 4.95 € Versandkosten.",lieferbar innerhalb von 2-5 Werktagen,2023-05-03 01:30:35.693842,-,,"Verantwortliches Lebensmittelunternehmen:
Hans Dietz GmbH & Co. KG, Härtwasen 16, D-73252 Schopfloch","Zutatenverzeichnis: Schweine- und Rindfleisch 73%, Speck, Trinkwasser, Speisesalz, Gewürze, Dextrose, Würze, Gewürzextrakte, Stabilisator: Diphosphate, Antioxidationsmittel: Ascorbinsäure, Konservierungsstoff: Natriumnitrit.",1022,247,"21,6","9,1","0,7","0,6","12,4","1,94",https://www.edeka24.de/index.php?cl=details&anid=b3bb617bc909c83345383616e3f03995&emcs0=3&emcs1=Kategorieseite%20-%20Topseller&emcs2=&emcs3=2593100002,https://www.edeka24.de/out/pictures/generated/product/1/540_540_90/dietz_lyoner_200g.jpg
2754,Lebensmittel,Konserven,Wurstkonserven,Dietz Hausmacher Leberwurst 200G,"4,29 €","21,45 €/kg","inkl. MwSt., zzgl. 4.95 € Versandkosten.",lieferbar innerhalb von 2-5 Werktagen,2023-05-03 01:30:38.805050,-,,"Verantwortliches Lebensmittelunternehmen:
Hans Dietz GmbH & Co. KG, Härtwasen 16, D-73252 Schopfloch","Zutatenverzeichnis: Schweinefleisch 45%, Speck, Schweineleber 10%, Zwiebeln 5%, Schwarten, Speisesalz, Gewürze, Zucker, Würze, Gewürzextrakte, Dextrose, Kräuter, Emulgatoren: Mono- und Diglyceride von Speisefettsäuren, Citronensäureester von Mono- und Diglyceriden von Speisefettsäuren.",341,1411,"31,6","13,3","0,4","0,4","13,8","1,47",https://www.edeka24.de/index.php?cl=details&anid=1c05c313e8814e8ca8fa50f1cf1c1376&emcs0=3&emcs1=Kategorieseite%20-%20Topseller&emcs2=&emcs3=2593096004,https://www.edeka24.de/out/pictures/generated/product/1/540_540_90/dietz_leberwurst_200g.jpg
2755,Lebensmittel,Konserven,Wurstkonserven,Pfälzer Spezialitäten Saumagen 200G,"3,79 €","18,95 €/kg","inkl. MwSt., zzgl. 4.95 € Versandkosten.",lieferbar innerhalb von 2-5 Werktagen,2023-05-03 01:30:41.715914,-,Hinweis zur Aufbewahrung: Nicht über +25°C lagern.,"Verantwortliches Lebensmittelunternehmen:
Pfälzer Spezialitäten GmbH & Co.KG, In den Waldstücken 9, 76829 Landau in der Pfalz","Zutatenverzeichnis: 50% Schweinefleisch, 32% Kartoffeln (Kartoffeln, Speisesalz), Schweinespeck, Trinkwasser, Nitritpökelsalz (Salz, Konservierungsstoff: E250), Kräuter, Gewürze, Dextrose, Gewürzextrakt, Stabilisatoren: E450, E452; Maltodextrin, gekörnte Brühe (Würze, Salz, Rapsöl), Zucker, Hefeextrakt, Antioxidationsmittel: E300, E301; färbendes Lebensmittel (Johannisbeere, Rote Bete), Aroma, Würze. Kann Spuren von SENF und SELLERIE enthalten.",641,154,"9,8","4,1",6,"0,4","10,4","1,9",https://www.edeka24.de/index.php?cl=details&anid=a273ef87bba5fe63274657bffa7a1bd1&emcs0=3&emcs1=Kategorieseite%20-%20Topseller&emcs2=&emcs3=2232784002,https://www.edeka24.de/out/pictures/generated/product/1/540_540_90/pflzer_spezialitten_saumagen_200g.jpg
2756,Lebensmittel,Konserven,Wurstkonserven,Müllers Schweinefleisch im eigenen Saft 400G,"3,49 €","8,73 €/kg","inkl. MwSt., zzgl. 4.95 € Versandkosten.",lieferbar innerhalb von 2-5 Werktagen,2023-05-03 01:30:44.666628,Schweinefleisch im eigenen Saft,Hinweis zur Aufbewahrung: Verschlossen bei Zimmertemperatur haltbar.,"Verantwortliches Lebensmittelunternehmen:
Müllers- Hausmacher Wurst GmbH & Co. KG, Uelzener Straße 16, D-29574 EBSTORF","Zutatenverzeichnis: Schweinefleisch (95%), Schweineschwarten, Speisesalz, Zwiebeln, Dextrose, Gewürze, Antioxidationsmittel: Natriumascorbat, Konservierungsstoff: Natriumnitrit",294,1217,25,10,"0,7","0,5",16,"1,5",https://www.edeka24.de/index.php?cl=details&anid=292173859f124797bce16e89cd14b616&emcs0=3&emcs1=Kategorieseite%20-%20Topseller&emcs2=&emcs3=3010089009,https://www.edeka24.de/out/pictures/generated/product/1/540_540_90/muellers_schwfliesaft_400g.jpg
2757,Lebensmittel,Konserven,Wurstkonserven,Dietz Grobe Leberwurst 400G,"5,49 €","13,73 €/kg","inkl. MwSt., zzgl. 4.95 € Versandkosten.",lieferbar innerhalb von 2-5 Werktagen,2023-05-03 01:30:47.499853,Grobe Leberwurst,,"Verantwortliches Lebensmittelunternehmen:
Hans Dietz GmbH & Co. KG, Härtwasen 16, D-73252 Schopfloch","Zutatenverzeichnis: Schweinefleisch 46%, Speck, Schweineleber 13%, Zwiebeln 5%, Speisesalz, Dextrose, Gewürze, Maltodextrin, Zucker, Würze, Emulgatoren: Mono- und Diglyceride von Speisefettsäuren, Citronensäureester von Mono- und Diglyceriden von Speisefettsäuren",1354,327,"29,2","11,6","0,9","0,9","15,2","1,93",https://www.edeka24.de/index.php?cl=details&anid=37933fffa50f22d3e492d8dd2518a314&emcs0=3&emcs1=Kategorieseite%20-%20Topseller&emcs2=&emcs3=2704451005,https://www.edeka24.de/out/pictures/generated/product/1/540_540_90/dietz-grobe-leberwurst.jpg
2758,Lebensmittel,Konserven,Wurstkonserven,EDEKA Bio Leberwurst 200G,"3,29 €","16,45 €/kg","inkl. MwSt., zzgl. 4.95 € Versandkosten.",lieferbar innerhalb von 2-5 Werktagen,2023-05-03 01:30:50.117059,"Leberwurst, Spitzenqualität",Hinweis zur Aufbewahrung: Nach dem öffnen kühl lagern und alsbald verzehren.,"Verantwortliches Lebensmittelunternehmen:
EDEKA ZENTRALE Stiftung & Co. KG, D-22291 Hamburg","Zutatenverzeichnis: 71% Schweinefleisch*, 22% Schweineleber*, Speck*, Schweineschwarten*, Meersalz, Gewürze*, Zwiebeln*, Rohrohrzucker*, Kräuter*. *aus kontrolliert ökologischer Landwirtschaft",1313,317,"26,9","11,1","2,1","0,5","16,3","1,9",https://www.edeka24.de/Lebensmittel/Konserven/Wurstkonserven/EDEKA-Bio-Leberwurst-200G.html,https://www.edeka24.de/out/pictures/generated/product/1/540_540_90/bio_edeka_leberwurst_200g.jpg
2759,Lebensmittel,Konserven,Wurstkonserven,EDEKA Bio Bratwurst 200G,"3,29 €","16,45 €/kg","inkl. MwSt., zzgl. 4.95 € Versandkosten.",lieferbar innerhalb von 2-5 Werktagen,2023-05-03 01:30:53.298848,"Grobe Bratwurst, Spitzenqualität",Hinweis zur Aufbewahrung: Nach dem Öffnen gekühlt lagern und alsbald verzehren.,"Verantwortliches Lebensmittelunternehmen:
EDEKA ZENTRALE Stiftung & Co. KG, D-22291 Hamburg","Zutatenverzeichnis: 92% Schweinefleisch*, Speisesalz, Gewürze*, Maltodextrin*, Zwiebeln*, Stabilisator: Natriumcitrate; Dextrose*, Kräuter*, Antioxidationsmittel: Ascorbinsäure. *aus kontrolliert ökologischer Landwirtschaft",1242,300,25,"10,3","2,4","0,5",16,"1,9",https://www.edeka24.de/Lebensmittel/Konserven/Wurstkonserven/EDEKA-Bio-Bratwurst-200G.html,https://www.edeka24.de/out/pictures/generated/product/1/540_540_90/bio_edeka_bratwurst_200g.jpg
2760,Lebensmittel,Konserven,Wurstkonserven,Dietz Hausmacher Leberwurst 200G,"4,29 €","21,45 €/kg","inkl. MwSt., zzgl. 4.95 € Versandkosten.",lieferbar innerhalb von 2-5 Werktagen,2023-05-03 01:30:56.411810,-,,"Verantwortliches Lebensmittelunternehmen:
Hans Dietz GmbH & Co. KG, Härtwasen 16, D-73252 Schopfloch","Zutatenverzeichnis: Schweinefleisch 45%, Speck, Schweineleber 10%, Zwiebeln 5%, Schwarten, Speisesalz, Gewürze, Zucker, Würze, Gewürzextrakte, Dextrose, Kräuter, Emulgatoren: Mono- und Diglyceride von Speisefettsäuren, Citronensäureester von Mono- und Diglyceriden von Speisefettsäuren.",341,1411,"31,6","13,3","0,4","0,4","13,8","1,47",https://www.edeka24.de/Lebensmittel/Konserven/Wurstkonserven/Dietz-Hausmacher-Leberwurst-200G.html,https://www.edeka24.de/out/pictures/generated/product/1/540_540_90/dietz_leberwurst_200g.jpg
2761,Lebensmittel,Konserven,Wurstkonserven,EDEKA Bio Bierschinken 200G,"3,29 €","16,45 €/kg","inkl. MwSt., zzgl. 4.95 € Versandkosten.",lieferbar innerhalb von 2-5 Werktagen,2023-05-03 01:30:59.462949,"Bierschinken, Spitzenqualität",Hinweis zur Aufbewahrung: Nach dem Öffnen gekühlt lagern und alsbald verzehren.,"Verantwortliches Lebensmittelunternehmen:
EDEKA ZENTRALE Stiftung & Co. KG, D-22291 Hamburg","Zutatenverzeichnis: 88% Schweinefleisch*, Wasser, Speisesalz, Maltodextrin*, Stabilisator: Natriumcitrate; Dextrose*, Gewürze*, Zwiebeln*, Antioxidationsmittel: Ascorbinsäure; Konservierungsstoff: Natriumnitrit; Zitronenöl*. *aus kontrolliert ökologischer Landwirtschaft",652,156,"8,6","3,3","2,4","0,5",17,"2,2",https://www.edeka24.de/Lebensmittel/Konserven/Wurstkonserven/EDEKA-Bio-Bierschinken-200G.html,https://www.edeka24.de/out/pictures/generated/product/1/540_540_90/bio_edeka_bierschinken_200g.jpg
2762,Lebensmittel,Konserven,Wurstkonserven,Allgäu Fresh Foods Hähnchenfleischkäse mit Rapsöl 200G,"3,99 €","19,95 €/kg","inkl. MwSt., zzgl. 4.95 € Versandkosten.",lieferbar innerhalb von 2-5 Werktagen,2023-05-03 01:31:02.396207,-,,"Verantwortliches Lebensmittelunternehmen:
Allgäu Fresh Foods GmbH & Co. KG, Härtwasen 16, 73252 Schopfloch","Zutatenverzeichnis: Hähnchenfleisch (69%), Wasser, Rapsöl (13%), Salz, Dextrose, Bratzwiebeln (Zwiebeln, Sonnenblumenöl), Gewürze, Stabilisator: Diphosphate; Zwiebel, Antioxidationsmittel: Ascorbinsäure; Konservierungsstoff: Natriumnitrit; Gewürzextrakte.",838,202,15,"1,9",2,"0,5",15,"2,1",https://www.edeka24.de/Lebensmittel/Konserven/Wurstkonserven/Allgaeu-Fresh-Foods-Haehnchenfleischkaese-mit-Rapsoel-200G.html,https://www.edeka24.de/out/pictures/generated/product/1/540_540_90/huhnampamphahn_hamp228hnchenfleischkamp228se_mit_rapsamp246l_200g.jpg
2763,Lebensmittel,Konserven,Wurstkonserven,Müllers Schweinefleisch im eigenen Saft 400G,"3,49 €","8,73 €/kg","inkl. MwSt., zzgl. 4.95 € Versandkosten.",lieferbar innerhalb von 2-5 Werktagen,2023-05-03 01:31:09.977114,Schweinefleisch im eigenen Saft,Hinweis zur Aufbewahrung: Verschlossen bei Zimmertemperatur haltbar.,"Verantwortliches Lebensmittelunternehmen:
Müllers- Hausmacher Wurst GmbH & Co. KG, Uelzener Straße 16, D-29574 EBSTORF","Zutatenverzeichnis: Schweinefleisch (95%), Schweineschwarten, Speisesalz, Zwiebeln, Dextrose, Gewürze, Antioxidationsmittel: Natriumascorbat, Konservierungsstoff: Natriumnitrit",294,1217,25,10,"0,7","0,5",16,"1,5",https://www.edeka24.de/Lebensmittel/Konserven/Wurstkonserven/Muellers-Schweinefleisch-im-eigenen-Saft-400G.html,https://www.edeka24.de/out/pictures/generated/product/1/540_540_90/muellers_schwfliesaft_400g.jpg
2764,Lebensmittel,Konserven,Wurstkonserven,Unsere Heimat Bio-Leberwurst 200G,"3,99 €","19,95 €/kg","inkl. MwSt., zzgl. 4.95 € Versandkosten.",lieferbar innerhalb von 2-5 Werktagen,2023-05-03 01:31:13.275457,-,,"Verantwortliches Lebensmittelunternehmen:
Hans Dietz GmbH & Co. KG, Härtwasen 16 73252 Schopfloch","Zutatenverzeichnis: Schweinefleisch* 32%, Speck*, Schwarten*, Schweineleber 10%*, Meersalz, Gewürze**, Zwiebeln**. * Naturland ** aus kontrolliert ökologischer Erzeugung",1559,377,35,"14,1","2,4","0,5","13,1","1,88",https://www.edeka24.de/Lebensmittel/Konserven/Wurstkonserven/Unsere-Heimat-Bio-Leberwurst-200G.html,https://www.edeka24.de/out/pictures/generated/product/1/540_540_90/uhbiolebenswurst.jpg
2765,Lebensmittel,Konserven,Wurstkonserven,Pfälzer Spezialitäten Eisbeinfleisch 200G,"3,79 €","18,95 €/kg","inkl. MwSt., zzgl. 4.95 € Versandkosten.",lieferbar innerhalb von 2-5 Werktagen,2023-05-03 01:31:16.403688,-,Hinweis zur Aufbewahrung: Nicht über +25°C lagern.,"Verantwortliches Lebensmittelunternehmen:
Pfälzer Spezialitäten GmbH & Co.KG, In den Waldstücken 9, 76829 Landau in der Pfalz","Zutatenverzeichnis: 83 % Schweinevorderhaxen u. Schweinehinterhaxen mit Schwarte ohne Knochen, Trinkwasser, Nitritpökelsalz (Salz, Konservierungsstoff: E250), Gewürze, Stabilisator: E450; Speisesalz, Kümmel, Knoblauch. Kann Spuren von SENF und SELLERIE enthalten.",521,124,"4,7","1,8","0,9","0,4","19,5","1,6",https://www.edeka24.de/Lebensmittel/Konserven/Wurstkonserven/Pfaelzer-Spezialitaeten-Eisbeinfleisch-200G.html,https://www.edeka24.de/out/pictures/generated/product/1/540_540_90/pflzer_spezialitten_eisbeinfleisch_200g.jpg
2766,Lebensmittel,Konserven,Wurstkonserven,Bäuerliche Erzeugergemeinschaft Schwäbisch Hall Bio-Jagdwurst 200G,"4,49 €","22,45 €/kg","inkl. MwSt., zzgl. 4.95 € Versandkosten.",lieferbar innerhalb von 2-5 Werktagen,2023-05-03 01:31:19.154391,-,,"Verantwortliches Lebensmittelunternehmen:
Bäuerliche Erzeugergemeinschaft Schwäbisch Hall AG, Haller Straße 20, D-74549 Wolpertshausen","Zutatenverzeichnis: Schweinefleisch*(82%), Schweinespeck*, Trinkwasser, PISTAZIEN*, Steinsalz*, Gewürze*, Rübenzucker*, Konservierungsstoff: Natriumnitrit. *aus ökologischer Landwirtschaft",947,228,"18,2","7,1","0,4","0,4","15,7","1,9",https://www.edeka24.de/Lebensmittel/Konserven/Wurstkonserven/Baeuerliche-Erzeugergemeinschaft-Schwaebisch-Hall-Bio-Jagdwurst-200G.html,https://www.edeka24.de/out/pictures/generated/product/1/540_540_90/beshbio-jagdwurst.jpg
2767,Lebensmittel,Konserven,Wurstkonserven,Dietz Grobe Leberwurst 400G,"5,49 €","13,73 €/kg","inkl. MwSt., zzgl. 4.95 € Versandkosten.",lieferbar innerhalb von 2-5 Werktagen,2023-05-03 01:31:21.679478,Grobe Leberwurst,,"Verantwortliches Lebensmittelunternehmen:
Hans Dietz GmbH & Co. KG, Härtwasen 16, D-73252 Schopfloch","Zutatenverzeichnis: Schweinefleisch 46%, Speck, Schweineleber 13%, Zwiebeln 5%, Speisesalz, Dextrose, Gewürze, Maltodextrin, Zucker, Würze, Emulgatoren: Mono- und Diglyceride von Speisefettsäuren, Citronensäureester von Mono- und Diglyceriden von Speisefettsäuren",1354,327,"29,2","11,6","0,9","0,9","15,2","1,93",https://www.edeka24.de/Lebensmittel/Konserven/Wurstkonserven/Dietz-Grobe-Leberwurst-400G.html,https://www.edeka24.de/out/pictures/generated/product/1/540_540_90/dietz-grobe-leberwurst.jpg
2768,Lebensmittel,Konserven,Wurstkonserven,Dietz Hausmacher Rotwurst 200G,"4,29 €","21,45 €/kg","inkl. MwSt., zzgl. 4.95 € Versandkosten.",lieferbar innerhalb von 2-5 Werktagen,2023-05-03 01:31:24.649836,-,,"Verantwortliches Lebensmittelunternehmen:
Hans Dietz GmbH & Co. KG, Härtwasen 16, D-73252 Schopfloch","Zutatenverzeichnis: Schweinefleisch 42%, Schwarten, Speck, Schweineblut, Zwiebeln, Speisesalz, Gewürze, Dextrose, Würze, Konservierungsstoff: Natriumnitrit.",1170,282,"23,8","9,1",1,"0,6",16,"1,74",https://www.edeka24.de/Lebensmittel/Konserven/Wurstkonserven/Dietz-Hausmacher-Rotwurst-200G.html,https://www.edeka24.de/out/pictures/generated/product/1/540_540_90/dietz_rotwurst_200g.jpg
2769,Lebensmittel,Konserven,Wurstkonserven,Dietz Hausmacher Bauernwurst 200G,"4,29 €","21,45 €/kg","inkl. MwSt., zzgl. 4.95 € Versandkosten.",lieferbar innerhalb von 2-5 Werktagen,2023-05-03 01:31:27.675652,-,,"Verantwortliches Lebensmittelunternehmen:
Hans Dietz GmbH & Co. KG, Härtwasen 16, D-73252 Schopfloch","Zutatenverzeichnis: Schweine- und Rindfleisch 72%,Speck, Trinkwasser, Speisesalz, Dextrose, Gewürze, SENFKÖRNER 0,7%, Würze, Gewürzextrakte, Antioxidationsmittel: Ascorbinsäure, Stabilisator: Diphosphate, Konservierungsstoff: Natriumnitrit.",191,794,"13,7","5,6",1,"0,6","15,9","1,74",https://www.edeka24.de/Lebensmittel/Konserven/Wurstkonserven/Dietz-Hausmacher-Bauernwurst-200G.html,https://www.edeka24.de/out/pictures/generated/product/1/540_540_90/dietz_bauernwurst_200g.jpg
2770,Lebensmittel,Konserven,Wurstkonserven,Bäuerliche Erzeugergemeinschaft Schwäbisch Hall Bio-Gutsleberwurst 200G,"4,49 €","22,45 €/kg","inkl. MwSt., zzgl. 4.95 € Versandkosten.",lieferbar innerhalb von 2-5 Werktagen,2023-05-03 01:31:30.752677,-,,"Verantwortliches Lebensmittelunternehmen:
Bäuerliche Erzeugergemeinschaft Schwäbisch Hall AG, Haller Straße 20, D-74549 Wolpertshausen","Zutatenverzeichnis: Schweinefleisch (39%), Schweinespeck*, Schweineleber (20%), Zwiebel*, Steinsalz, Gewürze*, Honig*, Rübenzucker*, Konservierungsstoff: Natriumnitrit. *aus ökologischer Landwirtschaft",1419,343,"31,1","13,1","0,7","0,7","15,1","2,3",https://www.edeka24.de/Lebensmittel/Konserven/Wurstkonserven/Baeuerliche-Erzeugergemeinschaft-Schwaebisch-Hall-Bio-Gutsleberwurst-200G.html,https://www.edeka24.de/out/pictures/generated/product/1/540_540_90/echt_hllische_bio_gutsleberwurst_200_g(1).jpg
2771,Lebensmittel,Konserven,Wurstkonserven,Dietz Delikate Lyoner 200G,"4,29 €","21,45 €/kg","inkl. MwSt., zzgl. 4.95 € Versandkosten.",lieferbar innerhalb von 2-5 Werktagen,2023-05-03 01:31:33.591548,-,,"Verantwortliches Lebensmittelunternehmen:
Hans Dietz GmbH & Co. KG, Härtwasen 16, D-73252 Schopfloch","Zutatenverzeichnis: Schweine- und Rindfleisch 73%, Speck, Trinkwasser, Speisesalz, Gewürze, Dextrose, Würze, Gewürzextrakte, Stabilisator: Diphosphate, Antioxidationsmittel: Ascorbinsäure, Konservierungsstoff: Natriumnitrit.",1022,247,"21,6","9,1","0,7","0,6","12,4","1,94",https://www.edeka24.de/Lebensmittel/Konserven/Wurstkonserven/Dietz-Delikate-Lyoner-200G.html,https://www.edeka24.de/out/pictures/generated/product/1/540_540_90/dietz_lyoner_200g.jpg
2772,Lebensmittel,Konserven,Wurstkonserven,EDEKA Bio Schinkenwurst 200G,"3,29 €","16,45 €/kg","inkl. MwSt., zzgl. 4.95 € Versandkosten.",lieferbar innerhalb von 2-5 Werktagen,2023-05-03 01:31:36.017229,"Schinkenwurst, Spitzenqualität",Hinweis zur Aufbewahrung: Nach dem Öffnen gekühlt lagern und alsbald verzehren.,"Verantwortliches Lebensmittelunternehmen:
EDEKA ZENTRALE Stiftung & Co. KG, D-22291 Hamburg","Zutatenverzeichnis: 72% Schweinefleisch*, Wasser, 8% Rindfleisch*, Speisesalz, Gewürze*, Dextrose*, Maltodextrin*, Stabilisator: Natriumcitrate; Zwiebeln*, Antioxidationsmittel: Ascorbinsäure; Konservierungsstoff: Natriumnitrit, Zitronenöl*. *aus kontrolliert ökologischer Landwirtschaft",905,218,"17,6","7,3","0,5","0,5","14,2","2,3",https://www.edeka24.de/Lebensmittel/Konserven/Wurstkonserven/EDEKA-Bio-Schinkenwurst-200G.html,https://www.edeka24.de/out/pictures/generated/product/1/540_540_90/bio_edeka_schinkenwurst_200g.jpg
2773,Lebensmittel,Konserven,Wurstkonserven,Bäuerliche Erzeugergemeinschaft Schwäbisch Hall Bio-Leberwurst 200G,"4,49 €","22,45 €/kg","inkl. MwSt., zzgl. 4.95 € Versandkosten.",lieferbar innerhalb von 2-5 Werktagen,2023-05-03 01:31:38.930783,-,,"Verantwortliches Lebensmittelunternehmen:
Bäuerliche Erzeugergemeinschaft Schwäbisch Hall AG, Haller Straße 20, D-74549 Wolpertshausen","Zutatenverzeichnis: Qualitätsschweinefleisch (40%), Schweineleber (22%), Schweinespeck, Schweineschwarten, Fleischbrühe, Steinsalz naturbelassen, Naturgewürze*, Honig*.*aus kontrolliert ökologischem Anbau",1147,277,"24,9","10,4","1,2","0,8","12,1","1,8",https://www.edeka24.de/Lebensmittel/Konserven/Wurstkonserven/Baeuerliche-Erzeugergemeinschaft-Schwaebisch-Hall-Bio-Leberwurst-200G.html,https://www.edeka24.de/out/pictures/generated/product/1/540_540_90/echt_hllische_bio_leberwurst_200_g(1).jpg
2774,Lebensmittel,Konserven,Wurstkonserven,Dietz Schinkenwurst 200G,"4,29 €","21,45 €/kg","inkl. MwSt., zzgl. 4.95 € Versandkosten.",lieferbar innerhalb von 2-5 Werktagen,2023-05-03 01:31:42.408310,Schinkenwurst,,"Verantwortliches Lebensmittelunternehmen:
Hans Dietz GmbH & Co. KG, Härtwasen 16, D-73252 Schopfloch","Zutatenverzeichnis: Schweinefleisch 85%, Trinkwasser, Speisesalz, Gewürze, Dextrose, Würze, Gewürzextrakte, Stabilisator: Diphosphate",240,994,"20,3","8,5","0,5","0,3","13,8","1,85",https://www.edeka24.de/Lebensmittel/Konserven/Wurstkonserven/Dietz-Schinkenwurst-200G.html,https://www.edeka24.de/out/pictures/generated/product/1/540_540_90/200g_deckel-schinkenwurst_rgb_2014.jpg
2775,Lebensmittel,Konserven,Wurstkonserven,Pfälzer Spezialitäten Bratwurst gepökelt 200G,"3,79 €","18,95 €/kg","inkl. MwSt., zzgl. 4.95 € Versandkosten.",lieferbar innerhalb von 2-5 Werktagen,2023-05-03 01:31:45.378219,-,Hinweis zur Aufbewahrung: Nicht über +25°C lagern.,"Verantwortliches Lebensmittelunternehmen:
Pfälzer Spezialitäten GmbH & Co.KG, In den Waldstücken 9, 76829 Landau in der Pfalz","Zutatenverzeichnis: 89% Schweinefleisch, Trinkwasser, Speisesalz, Schweinespeck, Rindfleisch, Gewürze, Dextrose, Nitritpökelsalz (Salz, Konservierungsstoff: E250), Gewürzextrakt, Stabilisator: E450; Hefeextrakt, Zucker, Majoran, Maltodextrin, Antioxidationsmittel: E300, E301; Aroma, färbendes Lebensmittel (Johannisbeere, Rote Bete). Kann Spuren von SENF und SELLERIE enthalten.",1010,244,"19,9","8,4","0,8","0,4","15,3","1,9",https://www.edeka24.de/Lebensmittel/Konserven/Wurstkonserven/Pfaelzer-Spezialitaeten-Bratwurst-gepoekelt-200G.html,https://www.edeka24.de/out/pictures/generated/product/1/540_540_90/pflzer_spezialitten_bratwurst_gepkelt_200g.jpg
2776,Lebensmittel,Konserven,Wurstkonserven,Pfälzer Spezialitäten Blutwurst 200G,"3,79 €","18,95 €/kg","inkl. MwSt., zzgl. 4.95 € Versandkosten.",lieferbar innerhalb von 2-5 Werktagen,2023-05-03 01:31:48.290208,-,Hinweis zur Aufbewahrung: Nicht über +25°C lagern.,"Verantwortliches Lebensmittelunternehmen:
Pfälzer Spezialitäten GmbH & Co.KG, In den Waldstücken 9, 76829 Landau in der Pfalz","Zutatenverzeichnis: 42% Schweinespeck, Schweineschwarten, 24% Schweineblut, Schweineleber, Trinkwasser, Nitritpökelsalz (Salz, Konservierungsstoff: E250), Schweinefleisch, Gewürze, Kräuter. Kann Spuren von SENF und SELLERIE enthalten.",1593,386,"35,9","14,9","0,9","0,2","14,7","2,3",https://www.edeka24.de/Lebensmittel/Konserven/Wurstkonserven/Pfaelzer-Spezialitaeten-Blutwurst-200G.html,https://www.edeka24.de/out/pictures/generated/product/1/540_540_90/pflzer_spezialitten_blutwurst_200g.jpg
2777,Lebensmittel,Konserven,Wurstkonserven,Dietz Delikater Bierschinken 200G,"4,29 €","21,45 €/kg","inkl. MwSt., zzgl. 4.95 € Versandkosten.",lieferbar innerhalb von 2-5 Werktagen,2023-05-03 01:31:51.725324,-,,"Verantwortliches Lebensmittelunternehmen:
Hans Dietz GmbH & Co. KG, Härtwasen 16, D-73252 Schopfloch","Zutatenverzeichnis: Schweinefleisch 91%, Trinkwasser, Speisesalz, Dextrose, Gewürze, Würze, Gewürzextrakte, Antioxidationsmittel: Ascorbinsäure, Konservierungsstoff: Natriumnitrit.",736,177,12,5,"0,7","0,6","16,5",2,https://www.edeka24.de/Lebensmittel/Konserven/Wurstkonserven/Dietz-Delikater-Bierschinken-200G.html,https://www.edeka24.de/out/pictures/generated/product/1/540_540_90/200g_deckel-bierschinken_rgb_2014.jpg
2778,Lebensmittel,Konserven,Wurstkonserven,Allgäu Fresh Foods Hähnchenlyoner mit Rapsöl 200G,"3,99 €","19,95 €/kg","inkl. MwSt., zzgl. 4.95 € Versandkosten.",lieferbar innerhalb von 2-5 Werktagen,2023-05-03 01:31:54.606850,-,,"Verantwortliches Lebensmittelunternehmen:
Allgäu Fresh Foods GmbH & Co. KG, Härtwasen 16, 73252 Schopfloch","Zutatenverzeichnis: Hähnchenfleisch (63%), Wasser, Rapsöl (16%), Salz, Dextrose, Stabilisator: Diphosphate; Gewürze, Würze (aufgeschlossenes Pflanzeneiweiß, Salz), Antioxidationsmittel: Ascorbinsäure, Natriumascorbat; Zucker, Konservierungsstoff: Natriumnitrit; Gewürzextrakte.",882,213,17,"1,8","0,6","0,5",13,"2,3",https://www.edeka24.de/Lebensmittel/Konserven/Wurstkonserven/Allgaeu-Fresh-Foods-Haehnchenlyoner-mit-Rapsoel-200G.html,https://www.edeka24.de/out/pictures/generated/product/1/540_540_90/huhnampamphahn_hamp228hnchenlyoner_mit_rapsamp246l_200g.jpg
2779,Lebensmittel,Konserven,Wurstkonserven,Bäuerliche Erzeugergemeinschaft Schwäbisch Hall Bio-Schinkenwurst 200G,"4,99 €","24,95 €/kg","inkl. MwSt., zzgl. 4.95 € Versandkosten.",lieferbar innerhalb von 2-5 Werktagen,2023-05-03 01:31:57.437049,-,,"Verantwortliches Lebensmittelunternehmen:
Bäuerliche Erzeugergemeinschaft Schwäbisch Hall AG, Haller Straße 20, D-74549 Wolpertshausen","Zutatenverzeichnis: Schweinefleisch** 80%, Trinkwaser, Steinsalz, Gewürze*, Rübenzucker**. *aus kontrolliert ökologischem Anbau **Demeter",1140,275,"24,6","10,8","0,9","0,5","12,6","2,1",https://www.edeka24.de/Lebensmittel/Konserven/Wurstkonserven/Baeuerliche-Erzeugergemeinschaft-Schwaebisch-Hall-Bio-Schinkenwurst-200G-oxid.html,https://www.edeka24.de/out/pictures/generated/product/1/540_540_90/beshdemeterschinkenwurst.jpg
2780,Lebensmittel,Konserven,Wurstkonserven,Pfälzer Spezialitäten Saumagen 200G,"3,79 €","18,95 €/kg","inkl. MwSt., zzgl. 4.95 € Versandkosten.",lieferbar innerhalb von 2-5 Werktagen,2023-05-03 01:32:00.624187,-,Hinweis zur Aufbewahrung: Nicht über +25°C lagern.,"Verantwortliches Lebensmittelunternehmen:
Pfälzer Spezialitäten GmbH & Co.KG, In den Waldstücken 9, 76829 Landau in der Pfalz","Zutatenverzeichnis: 50% Schweinefleisch, 32% Kartoffeln (Kartoffeln, Speisesalz), Schweinespeck, Trinkwasser, Nitritpökelsalz (Salz, Konservierungsstoff: E250), Kräuter, Gewürze, Dextrose, Gewürzextrakt, Stabilisatoren: E450, E452; Maltodextrin, gekörnte Brühe (Würze, Salz, Rapsöl), Zucker, Hefeextrakt, Antioxidationsmittel: E300, E301; färbendes Lebensmittel (Johannisbeere, Rote Bete), Aroma, Würze. Kann Spuren von SENF und SELLERIE enthalten.",641,154,"9,8","4,1",6,"0,4","10,4","1,9",https://www.edeka24.de/Lebensmittel/Konserven/Wurstkonserven/Pfaelzer-Spezialitaeten-Saumagen-200G.html,https://www.edeka24.de/out/pictures/generated/product/1/540_540_90/pflzer_spezialitten_saumagen_200g.jpg
2781,Lebensmittel,Konserven,Wurstkonserven,Bäuerliche Erzeugergemeinschaft Schwäbisch Hall Bio-Lyoner 200G,"4,49 €","22,45 €/kg","inkl. MwSt., zzgl. 4.95 € Versandkosten.",lieferbar innerhalb von 2-5 Werktagen,2023-05-03 01:32:03.528315,-,,"Verantwortliches Lebensmittelunternehmen:
Bäuerliche Erzeugergemeinschaft Schwäbisch Hall AG, Haller Straße 20, D-74549 Wolpertshausen","Zutatenverzeichnis: Schweinefleisch (74%), Schweinespeck, Trinkwasser, Steinsalz, Gewürze*, Rübenzucker*, Konservierungsstoff: Natriumnitrit. *aus ökologischer Landwirtschaft",1175,284,"26,3","11,5","0,7","0,5","11,2","2,2",https://www.edeka24.de/Lebensmittel/Konserven/Wurstkonserven/Baeuerliche-Erzeugergemeinschaft-Schwaebisch-Hall-Bio-Lyoner-200G.html,https://www.edeka24.de/out/pictures/generated/product/1/540_540_90/echt_hllische_bio_lyoner_200_g.jpg
2782,Lebensmittel,Konserven,Wurstkonserven,Pfälzer Spezialitäten Bierwurst 200G,"3,79 €","18,95 €/kg","inkl. MwSt., zzgl. 4.95 € Versandkosten.",lieferbar innerhalb von 2-5 Werktagen,2023-05-03 01:32:06.235153,-,Hinweis zur Aufbewahrung: Lagerung nicht über +25°C,"Verantwortliches Lebensmittelunternehmen:
Pfälzer Spezialitäten GmbH & Co. KG, In den Waldstücke 9, 76829 Landau","Zutatenverzeichnis: 38% Rindfleisch, 28% Schweinefleisch, Trinkwasser, Schweinespeck, Gewürze (enthält SENF), Nitritpökelsalz (Salz,Konservierungsstoff: E250), Stabilisator: E450; Maltodextrin, Gewürzextrakt, gekörnte Brühe (Würze, Salz, Rapsöl), Antioxidationsmittel: E300, E301; färbendes Lebensmittel (Johannisbeere, Rote Beete), Aroma.",1194,288,"25,6","10,5","1,2","0,4","13,3","2,3",https://www.edeka24.de/Lebensmittel/Konserven/Wurstkonserven/Pfaelzer-Spezialitaeten-Bierwurst-200G.html,https://www.edeka24.de/out/pictures/generated/product/1/540_540_90/pflzer_spezialitten_bierwurst_200g.jpg
2783,Lebensmittel,Konserven,Wurstkonserven,Bäuerliche Erzeugergemeinschaft Schwäbisch Hall Demeter Bio-Bierschinken 200G,"4,99 €","24,95 €/kg","inkl. MwSt., zzgl. 4.95 € Versandkosten.",lieferbar innerhalb von 2-5 Werktagen,2023-05-03 01:32:08.710030,-,,"Verantwortliches Lebensmittelunternehmen:
Bäuerliche Erzeugergemeinschaft Schwäbisch Hall AG, Haller Straße 20, D-74549 Wolpertshausen","Zutatenverzeichnis: Schweinefleisch** 90%, Trinkwasser, Steinsalz, Gewürze*, Rübenzucker**. *aus kontrolliert ökologischem Anbau **Demeter",771,185,"12,3","5,2","0,7","0,5","17,9",2,https://www.edeka24.de/Lebensmittel/Konserven/Wurstkonserven/Baeuerliche-Erzeugergemeinschaft-Schwaebisch-Hall-Demeter-Bio-Bierschinken-200G.html,https://www.edeka24.de/out/pictures/generated/product/1/540_540_90/beshdemeterbierschinken.jpg
2784,Lebensmittel,Konserven,Wurstkonserven,Unsere Heimat Bio Bierwurst 200G,"3,99 €","19,95 €/kg","inkl. MwSt., zzgl. 4.95 € Versandkosten.",lieferbar innerhalb von 2-5 Werktagen,2023-05-03 01:32:11.155238,-,,"Verantwortliches Lebensmittelunternehmen:
Hans Dietz GmbH & Ko. KG, Härtwasen 16, 73252 Schopfloch","Zutatenverzeichnis: Schweine- und Rindfleisch* (84%), Trinkwasser, Meersalz, Speisesalz, Gewürze**, Stabilisator: Trinatriumcitrat, Dextrose**, Zwiebeln**, Konservierungsstoff: Natriumnitrit. * Naturland ** aus kontrolliert ökologischer Erzeugung",887,214,"16,7","6,9","0,6","<0,5","15,2","1,7",https://www.edeka24.de/Lebensmittel/Konserven/Wurstkonserven/Unsere-Heimat-Bio-Bierwurst-200G.html,https://www.edeka24.de/out/pictures/generated/product/1/540_540_90/bio_unsere_heimat_nl_bierwurst_200g.jpg
2785,Lebensmittel,Konserven,Wurstkonserven,Bäuerliche Erzeugergemeinschaft Schwäbisch Hall Bio-Bierschinken 200G,"4,49 €","22,45 €/kg","inkl. MwSt., zzgl. 4.95 € Versandkosten.",lieferbar innerhalb von 2-5 Werktagen,2023-05-03 01:32:14.160766,-,,"Verantwortliches Lebensmittelunternehmen:
Bäuerliche Erzeugergemeinschaft Schwäbisch Hall AG, Haller Straße 20, D-74549 Wolpertshausen","Zutatenverzeichnis: Schweinefleisch (90%), Trinkwasser, Steinsalz naturbelassen, Gewürze*, Rübenzucker*, Konservierungsstoff: Natriumnitrit. *aus kontrolliert ökologischem Anbau",771,185,"12,3","5,2","0,7","0,5","17,9",2,https://www.edeka24.de/Lebensmittel/Konserven/Wurstkonserven/Baeuerliche-Erzeugergemeinschaft-Schwaebisch-Hall-Bio-Bierschinken-200G.html,https://www.edeka24.de/out/pictures/generated/product/1/540_540_90/echt_hllische_bio_bierschinken_200_g.jpg
2786,Lebensmittel,Konserven,Wurstkonserven,Pfälzer Spezialitäten Schwartenmagen 200G,"3,79 €","18,95 €/kg","inkl. MwSt., zzgl. 4.95 € Versandkosten.",lieferbar innerhalb von 2-5 Werktagen,2023-05-03 01:32:17.211304,-,Hinweis zur Aufbewahrung: Lagerung nicht über +25°C,"Verantwortliches Lebensmittelunternehmen:
Pfälzer Spezialitäten GmbH & Co.KG, In den Waldstücken 9, 76829 Landau in der Pfalz","Zutatenverzeichnis: 43% Schweinefleisch, Trinkwasser, Schweineschwarten, Schweinebauch, Nitritpökelsalz (Salz, Konservierungsstoff: E250), Gewürze, Dextrose, Speisesalz, Stabilisator: E450; Antioxidationsmittel: E301; Würze. kann Spuren von SENF und SELLERIE enthalten.",802,193,13,"5,1","2,1","0,2","16,8","2,1",https://www.edeka24.de/Lebensmittel/Konserven/Wurstkonserven/Pfaelzer-Spezialitaeten-Schwartenmagen-200G.html,https://www.edeka24.de/out/pictures/generated/product/1/540_540_90/pflzer_spezialitten_hausmacher_schwartenmagen_200_g.jpg
2787,Lebensmittel,Konserven,Wurstkonserven,Dietz Hausmacher Weiße Presswurst 200G,"4,29 €","21,45 €/kg","inkl. MwSt., zzgl. 4.95 € Versandkosten.",lieferbar innerhalb von 2-5 Werktagen,2023-05-03 01:32:20.358428,-,,"Verantwortliches Lebensmittelunternehmen:
Hans Dietz GmbH & Co. KG, Härtwasen 16, D-73252 Schopfloch","Zutatenverzeichnis: Schweinefleisch 44%, Schwarten, Trinkwasser, Zwiebeln, Speisesalz, Gewürze, Dextrose, Würze, Gewürzextrakte, Maltodextrin, Antioxidationsmittel: Ascorbinsäure, Konservierungsstoff: Natriumnitrit.",207,859,"15,5","6,5","0,5","0,4","16,3","1,84",https://www.edeka24.de/Lebensmittel/Konserven/Wurstkonserven/Dietz-Hausmacher-Weisse-Presswurst-200G.html,https://www.edeka24.de/out/pictures/generated/product/1/540_540_90/dietz_weisse_presswurst_200g.jpg
2788,Lebensmittel,Konserven,Wurstkonserven,Pfälzer Spezialitäten Schinkenwurst 200G,"3,79 €","18,95 €/kg","inkl. MwSt., zzgl. 4.95 € Versandkosten.",lieferbar innerhalb von 2-5 Werktagen,2023-05-03 01:32:23.368622,-,Hinweis zur Aufbewahrung: Nicht über +25°C lagern.,"Verantwortliches Lebensmittelunternehmen:
Pfälzer SpezialitätenGmbH & Co.KG, In den Waldstücken 9, 76829 Landau in der Pfalz","Zutatenverzeichnis: 77% Schweinefleisch, Trinkwasser, Nitritpökelsalz (Salz, Konservierungsstoff: E250), Gewürze, Stabilisator: E450; Gewürzextrakte, gekörnte Brühe (Würze, Salz, Rapsöl), Maltodextrin, Antioxidationsmittel: E300, E301; färbendes Lebensmittel (Johannisbeere, Rote Bete), Aroma.",1047,253,"22,1",9,2,1,"11,5","2,5",https://www.edeka24.de/Lebensmittel/Konserven/Wurstkonserven/Pfaelzer-Spezialitaeten-Schinkenwurst-200G.html,https://www.edeka24.de/out/pictures/generated/product/1/540_540_90/pflzer_spezialitten_schinkenwurst_200g.jpg
2789,Lebensmittel,Konserven,Wurstkonserven,Bäuerliche Erzeugergemeinschaft Schwäbisch Hall Bio-Bratwurst grob 200G,"4,49 €","22,45 €/kg","inkl. MwSt., zzgl. 4.95 € Versandkosten.",lieferbar innerhalb von 2-5 Werktagen,2023-05-03 01:32:25.873659,-,,"Verantwortliches Lebensmittelunternehmen:
Bäuerliche Erzeugergemeinschaft Schwäbisch Hall AG, Haller Straße 20, D-74549 Wolpertshausen","Zutatenverzeichnis: Schweinefleisch* 92%, Steinsalz, Gewürze*, Rübenzucker*. *aus ökologischer Landwirtschaft",1058,255,"20,7","9,4","0,5","0,5","17,2","2,2",https://www.edeka24.de/Lebensmittel/Konserven/Wurstkonserven/Baeuerliche-Erzeugergemeinschaft-Schwaebisch-Hall-Bio-Bratwurst-grob-200G.html,https://www.edeka24.de/out/pictures/generated/product/1/540_540_90/buerliche_erzeugergemeinschaft_schwbisch_hall_biobratwurst_200g.jpg
2790,Lebensmittel,Konserven,Wurstkonserven,Dietz Schinkenwurst 400G,"5,49 €","13,73 €/kg","inkl. MwSt., zzgl. 4.95 € Versandkosten.",lieferbar innerhalb von 2-5 Werktagen,2023-05-03 01:32:28.590815,Schinkenwurst,,"Verantwortliches Lebensmittelunternehmen:
Hans Dietz GmbH & Co. KG, Härtwasen 16, D-73252 Schopfloch","Zutatenverzeichnis: Schweinefleisch 79%, Speck, Trinkwasser, Speisesalz, Gewürze, Dextrose, Würze, Gewürzextrakte, Stabilisator: Diphosphate",1085,262,"23,4","9,6","0,5","0,5","12,4","1,98",https://www.edeka24.de/Lebensmittel/Konserven/Wurstkonserven/Dietz-Schinkenwurst-400G.html,https://www.edeka24.de/out/pictures/generated/product/1/540_540_90/dietz-schinkenwurst.jpg
2791,Lebensmittel,Konserven,Wurstkonserven,Dietz Lyoner 400G,"5,49 €","13,73 €/kg","inkl. MwSt., zzgl. 4.95 € Versandkosten.",lieferbar innerhalb von 2-5 Werktagen,2023-05-03 01:32:31.657669,-,Hinweis zur Aufbewahrung: nicht kühlpflichtig,"Verantwortliches Lebensmittelunternehmen:
Hans Dietz GmbH & Co. KG, Härtwasen 16 73252 Schopfloch","Zutatenverzeichnis: Schweine- und Rindfleisch 65%, Speck, Trinkwasser, Speisesalz, Gewürze, Dextrose, Würze, Stabilisator: Diphosphate; Antioxidationsmittel: Ascorbinsäure; Konservierungsstoff: Natriumnitrit; Gewürzextrakte.",1157,280,"25,2","10,3","1,9","0,5","11,3","1,98",https://www.edeka24.de/Lebensmittel/Konserven/Wurstkonserven/Dietz-Lyoner-400G.html,https://www.edeka24.de/out/pictures/generated/product/1/540_540_90/dietzlijoner.jpg
2792,Lebensmittel,Konserven,Wurstkonserven,Bäuerliche Erzeugergemeinschaft Schwäbisch Hall Demeter Bratwurst grob 200G,"4,99 €","24,95 €/kg","inkl. MwSt., zzgl. 4.95 € Versandkosten.",lieferbar innerhalb von 2-5 Werktagen,2023-05-03 01:32:34.835741,-,,"Verantwortliches Lebensmittelunternehmen:
Bäuerliche Erzeugergemeinschaft Schwäbisch Hall AG, Haller Straße 20, D-74549 Wolpertshausen","Zutatenverzeichnis: Schweinefleisch** (92%), Steinsalz, Gewürze*, Rübenzucker**. *aus ökologischer Landwirtschaft **Demeter",1058,255,"20,7","9,4","0,5","0,5","17,2","2,2",https://www.edeka24.de/Lebensmittel/Konserven/Wurstkonserven/Baeuerliche-Erzeugergemeinschaft-Schwaebisch-Hall-Demeter-Bratwurst-grob-200G.html,https://www.edeka24.de/out/pictures/generated/product/1/540_540_90/beshdemeterbratwurstgrob.jpg
2793,Lebensmittel,Konserven,Wurstkonserven,Unsere Heimat Bio Lyoner Naturland 200G,"3,99 €","19,95 €/kg","inkl. MwSt., zzgl. 4.95 € Versandkosten.",lieferbar innerhalb von 2-5 Werktagen,2023-05-03 01:32:38.134652,-,,"Verantwortliches Lebensmittelunternehmen:
Allgäu Fresh Foods GmbH & Co. KG, D-73252 Schopfloch","Zutatenverzeichnis: Schweine-und Rindfleisch* (73%), Speck*, Trinkwasser, Speisesalz, Meersalz, Gewürze**, Dextrose**, Antioxidationsmittel: Ascorbinsäure; Stabilisator: Trinatriumcitrat; Konservierungsstoff: Natriumnitrit. *Naturland **aus kontrolliert ökologischer Erzeugung",1169,283,"25,3","10,0","1,8","0,6","11,9","2,0",https://www.edeka24.de/Lebensmittel/Konserven/Wurstkonserven/Unsere-Heimat-Bio-Lyoner-Naturland-200G.html,https://www.edeka24.de/out/pictures/generated/product/1/540_540_90/bio_unsere_heimat_lyoner_naturland_200g.jpg
2794,Lebensmittel,Konserven,Wurstkonserven,Pfälzer Spezialitäten Delikatess Leberwurst 200G,"3,79 €","18,95 €/kg","inkl. MwSt., zzgl. 4.95 € Versandkosten.",lieferbar innerhalb von 2-5 Werktagen,2023-05-03 01:32:40.731464,-,Hinweis zur Aufbewahrung: Nicht über +25°C lagern.,"Verantwortliches Lebensmittelunternehmen:
Pfälzer Spezialitäten GmbH & Co. KG, In den Waldstücke 9, 76829 Landau","Zutatenverzeichnis: 38% Schweinefleisch, Schweinespeck, 24% Schweineleber, Trinkwasser, Nitritpökelsalz (Salz, Konservierungsstoff: E250), Gewürze, Emulgator: E472c; Säuerungsmittel: E330; Dextrose, Zucker, Vanillinzucker, Antioxidationsmittel: E300. Kann Spuren von SENF und SELLERIE enthalten.",1573,380,"35,2","14,8","1,6","0,6","14,3","1,8",https://www.edeka24.de/Lebensmittel/Konserven/Wurstkonserven/Pfaelzer-Spezialitaeten-Delikatess-Leberwurst-200G.html,https://www.edeka24.de/out/pictures/generated/product/1/540_540_90/pflzer_spezialitten_delikatess_leberwurst_200_g.jpg
2795,Lebensmittel,Konserven,Wurstkonserven,Bäuerliche Erzeugergemeinschaft Schwäbisch Hall Bio-Schinkenwurst 200G,"4,49 €","22,45 €/kg","inkl. MwSt., zzgl. 4.95 € Versandkosten.",lieferbar innerhalb von 2-5 Werktagen,2023-05-03 01:32:43.340040,-,,"Verantwortliches Lebensmittelunternehmen:
Bäuerliche Erzeugergemeinschaft Schwäbisch Hall AG, Haller Straße 20, D-74549 Wolpertshausen","Zutatenverzeichnis: Schweinefleisch (80%), Schweinespeck, Trinkwasser, Steinsalz, Gewürze*, Rübenzucker*, Konservierungsstoff: Natriumnitrit. *aus kontrolliert ökologischem Anbau",1140,275,"24,6","10,8","0,9","0,5","12,6","2,1",https://www.edeka24.de/Lebensmittel/Konserven/Wurstkonserven/Baeuerliche-Erzeugergemeinschaft-Schwaebisch-Hall-Bio-Schinkenwurst-200G.html,https://www.edeka24.de/out/pictures/generated/product/1/540_540_90/echt_hllische_bio_schinkenwurst_200_g.jpg
2796,Lebensmittel,Konserven,Wurstkonserven,Unsere Heimat Bio-Bratwurst 200G,"3,99 €","19,95 €/kg","inkl. MwSt., zzgl. 4.95 € Versandkosten.",lieferbar innerhalb von 2-5 Werktagen,2023-05-03 01:32:46.258327,-,,"Verantwortliches Lebensmittelunternehmen:
Hans Dietz GmbH & Co. KG, Härtwasen 16 73252 Schopfloch","Zutatenverzeichnis: Schweinefleisch* (78%), Speck*, Trinkwasser, Meersalz, Gewürze**, Stabilisator: Trinatriumcitrat, Dextrose**, zwiebeln**. *Naturland **aus kontrolliert ökologischer Erzeugung",1110,268,"23,3","8,9","0,5","0,5","14,5","1,4",https://www.edeka24.de/Lebensmittel/Konserven/Wurstkonserven/Unsere-Heimat-Bio-Bratwurst-200G.html,https://www.edeka24.de/out/pictures/generated/product/1/540_540_90/bio_unsere_heimat_bratwurst_200g.jpg
2797,Lebensmittel,Konserven,Wurstkonserven,Bäuerliche Erzeugergemeinschaft Schwäbisch Hall Demeter Bio-Lyoner 200G,"4,99 €","24,95 €/kg","inkl. MwSt., zzgl. 4.95 € Versandkosten.",lieferbar innerhalb von 2-5 Werktagen,2023-05-03 01:32:49.374671,-,,"Verantwortliches Lebensmittelunternehmen:
Bäuerliche Erzeugergemeinschaft Schwäbisch Hall AG, Haller Straße 20, D-74549 Wolpertshausen","Zutatenverzeichnis: Schweinefleisch** 74%, Schweinespeck**, Trinkwasser, Steinsalz, Gewürze*, Rübenzucker**. *aus kontrolliert ökologischem Anbau **Demeter",1175,284,"26,3","11,5","0,7","0,5","11,2","2,2",https://www.edeka24.de/Lebensmittel/Konserven/Wurstkonserven/Baeuerliche-Erzeugergemeinschaft-Schwaebisch-Hall-Demeter-Bio-Lyoner-200G.html,https://www.edeka24.de/out/pictures/generated/product/1/540_540_90/demeter_bamp228uerliche_lyoner_200g.jpg
2798,Lebensmittel,Süß & Salzig,Schokoriegel,Alnatura Bio Marzipan Riegel Zartbitter 40G,"1,09 €","27,25 €/kg","inkl. MwSt., zzgl. 4.95 € Versandkosten.",lieferbar innerhalb von 2-5 Werktagen,2023-05-03 01:32:52.348847,Bio Zartbitterschokolade mit Edelmarzipanfüllung,"Hinweis zur Aufbewahrung: Trocken lagern, vor Wärme schützen.","Verantwortliches Lebensmittelunternehmen:
Alnatura GmbH, Darmstädter Str. 63, 64404 Bickenbach","Zutatenverzeichnis: MANDELN* 32 %, Rohrohrzucker*, Zartbitterschokolade* 25 % (Rohrohrzucker*, Kakaomasse*, Kakaobutter*, Bourbonvanilleschote* gemahlen), Wasser, Invertzuckersirup*, Alkohol* 0,7 % *aus biologischer Landwirtschaft . Kann Spuren von SOJA, MILCH, HASELNUSS, CASHEWNUSS und PISTAZIE enthalten.",2045,490,28,"6,7",49,47,"7,2","0,03",https://www.edeka24.de/Lebensmittel/Suess-Salzig/Schokoriegel/Alnatura-Bio-Marzipan-Riegel-Zartbitter-40G.html,https://www.edeka24.de/out/pictures/generated/product/1/540_540_90/bio_alnmarzipan_riegel_zb_40g.jpg
2799,Lebensmittel,Süß & Salzig,Schokoriegel,Amicelli Box 225G,"3,29 €","14,62 €/kg","inkl. MwSt., zzgl. 4.95 € Versandkosten.",lieferbar innerhalb von 2-5 Werktagen,2023-05-03 01:32:55.049537,"Waffelröllchen (24 %) mit Haselnusscreme (45 %), umhüllt von Milchschokolade (30 %).",Hinweis zur Aufbewahrung: Vor Wärme und Feuchtigkeit schützen.,"Verantwortliches Lebensmittelunternehmen:
Alfred Ritter GmbH & Co. KG, D-71111 Waldenbuch Deutschland","Zutatenverzeichnis: Zucker, Palmkernfett*, WEIZENMEHL, MAGERMILCHPULVER, HASELNUSSMASSE (7 %), Kakaobutter, Kakaomasse, SÜSSMOLKENPULVER, LAKTOSE, BUTTERREINFETT, magerer Kakao, Emulgator: Lecithine (SOJA), Salz. *zertifiziert nachhaltig. Kann Spuren von ERDNÜSSEN, anderen SCHALENFRÜCHTEN, SESAMSAMEN und EI enthalten.",2141,512,26,16,62,53,"6,1","0,24",https://www.edeka24.de/Lebensmittel/Suess-Salzig/Schokoriegel/Amicelli-Box-225G.html,https://www.edeka24.de/out/pictures/generated/product/1/540_540_90/ritter_sport_amicelli_box_225g.jpg
2800,Lebensmittel,Süß & Salzig,Schokoriegel,Duplo White 10ST 182G,"2,79 €","15,33 €/kg","inkl. MwSt., zzgl. 4.95 € Versandkosten.",lieferbar innerhalb von 2-5 Werktagen,2023-05-03 01:32:58.250427,Gefüllte Weiße Schokolade mit Waffel (7%) und Haselnusscreme (17%),Hinweis zur Aufbewahrung: Kühl und trocken aufbewahren.,"Verantwortliches Lebensmittelunternehmen:
Ferrero oHG mbH, Michele-Ferrero-Str. 1, 35260 Stadtallendorf","Zutatenverzeichnis: Weiße Schokolade 74,5 % (MAGERMILCHPULVER, Kakaobutter, Zucker,BUTTERREINFETT, Emulgator Lecithine (SOJA), Vanillin),Zucker, WEIZENMEHL, HASELNÜSSE (4 %), Palmöl,SÜSSMOLKENPULVER, eiweißangereichertes MOLKENPULVER,WEIZENSTÄRKE, Emulgator Lecithine (SOJA), fettarmer Kakao,Salz, Backtriebmittel: Natriumhydrogencarbonat; Vanillin.Kann MANDELN enthalten.",2384,572,"35,8","21,8","52,8","47,3","9,2","0,356",https://www.edeka24.de/Lebensmittel/Suess-Salzig/Schokoriegel/Duplo-White-10ST-182G.html,https://www.edeka24.de/out/pictures/generated/product/1/540_540_90/duplo_white_10st_182g.jpg
2801,Lebensmittel,Süß & Salzig,Schokoriegel,"Ferrero Hanuta Riegel Milch & Nuss 5ST 172,5G","2,49 €","14,48 €/kg","inkl. MwSt., zzgl. 4.95 € Versandkosten.",lieferbar innerhalb von 2-5 Werktagen,2023-05-03 01:33:01.041919,"Waffel (11,5%)-Riegel mit Haselnussmagermilchcreme (21,5%), Milchcreme (21,5%) und Haselnusscreme (11,5%), überzogen mit Milchschokolade.",Hinweis zur Aufbewahrung: Kühl und trocken aufbewahren.,"Verantwortliches Lebensmittelunternehmen:
Ferrero oHG mbH, Michele-Ferrero-Str. 1, 35260 Stadtallendorf","Zutatenverzeichnis: MILCHSCHOKOLADE 29 % (Zucker, Kakaobutter, Kakaomasse,MAGERMILCHPULVER, BUTTERREINFETT, Emulgator Lecithine (SOJA), Vanillin), Palmöl, Zucker, HASELNÜSSE (12 %), WEIZENMEHL (10 %), MAGERMILCHPULVER (5,5 %), VOLLMILCHPULVER (4,5 %), SÜSSMOLKENPULVER, eiweißangereichertes MOLKENPULVER, fettarmer Kakao, WEIZENSTÄRKE, Emulgator Lecithine (SOJA), Salz, Backtriebmittel: Natriumhydrogencarbonat, Vanillin.Gesamtmilchbestandteile im Produkt 14,5 %.",2441,586,"39,9","19,8","48,2","39,5","7,6","0,267",https://www.edeka24.de/Lebensmittel/Suess-Salzig/Schokoriegel/Ferrero-Hanuta-Riegel-Milch-Nuss-5ST-172-5G.html,https://www.edeka24.de/out/pictures/generated/product/1/540_540_90/hanuta_riegel_5st_1725g.jpg
2802,Lebensmittel,Süß & Salzig,Schokoriegel,Ferrero Kinder Bueno 10ST 215G,"3,79 €","17,63 €/kg","inkl. MwSt., zzgl. 4.95 € Versandkosten.",lieferbar innerhalb von 2-5 Werktagen,2023-05-03 01:33:04.143219,"Waffel mit feiner Milchhaselnusscreme-Füllung (54%), überzogen mit Milchschokolade.",Hinweis zur Aufbewahrung: Kühl und trocken aufbewahren.,"Verantwortliches Lebensmittelunternehmen:
Ferrero oHG mbH, Michele-Ferrero-Str. 1, 35260 Stadtallendorf","Zutatenverzeichnis: MILCHSCHOKOLADE 31,5 % (Zucker, Kakaobutter, Kakaomasse,MAGERMILCHPULVER, BUTTERREINFETT, Emulgator Lecithine (SOJA), Vanillin), Zucker, Palmöl, WEIZENMEHL, HASELNÜSSE (10,8%), MAGERMILCHPULVER (8,5 %), VOLLMILCHPULVER (5,5 %), Halbbitterschokolade 1,5 % (Zucker, Kakaomasse, Kakaobutter, Emulgator Lecithine (SOJA), Vanillin), fettarmer Kakao, Emulgator Lecithine (SOJA), Backtriebmittel: Natriumhydrogencarbonat, Salz, Vanillin.Gesamtmilchbestandteile im Produkt 19,5 %.",2384,572,"37,3","17,3","49,5","41,2","8,6","0,272",https://www.edeka24.de/Lebensmittel/Suess-Salzig/Schokoriegel/Ferrero-Kinder-Bueno-10ST-215G.html,https://www.edeka24.de/out/pictures/generated/product/1/540_540_90/ferrero_kinder_bueno_10st_215g.jpg
2803,Lebensmittel,Süß & Salzig,Schokoriegel,"Ferrero Kinder Happy Hippo Haselnuss 5ST 103,5G","1,99 €","19,32 €/kg","inkl. MwSt., zzgl. 4.95 € Versandkosten.",lieferbar innerhalb von 2-5 Werktagen,2023-05-03 01:33:07.635207,Waffel-Spezialität mit feiner Milchcreme (36%) und Haselnuss-Magermilchcreme (36%).,Hinweis zur Aufbewahrung: Kühl und trocken aufbewahren.,"Verantwortliches Lebensmittelunternehmen:
Ferrero oHG mbH, Michele-Ferrero-Str. 1, 35260 Stadtallendorf","Zutatenverzeichnis: Zucker, pflanzliche Fette (Palm, Shea), MAGERMILCHPULVER (12,5 %),HASELNÜSSE (12,4 %) WEIZENMEHL (9 %), VOLLMILCHPULVER(7,5 %), SÜSSMOLKENPULVER, WEIZENSTÄRKE, Emulgator Lecithine(SOJA), Sonnenblumenöl, MILCHEIWEISS, Backtriebmittel:Ammoniumhydrogencarbonat, Natriumhydrogencarbonat; Salz, Vanillin,fettarmer Kakao.Gesamtmilchbestandteile im Produkt 20 %.",2449,588,"38,9","16,8","50,3","43,6","8,5","0,358",https://www.edeka24.de/Lebensmittel/Suess-Salzig/Schokoriegel/Ferrero-Kinder-Happy-Hippo-Haselnuss-5ST-103-5G.html,https://www.edeka24.de/out/pictures/generated/product/1/540_540_90/ferrero_kinder_happy_hippo_nuss_5x207g.jpg
2804,Lebensmittel,Süß & Salzig,Schokoriegel,"Ferrero Kinder Happy Hippo Kakao 5ST 103,5G","1,99 €","19,23 €/kg","inkl. MwSt., zzgl. 4.95 € Versandkosten.",lieferbar innerhalb von 2-5 Werktagen,2023-05-03 01:33:10.376539,Waffel-Spezialität mit feiner Milchcreme (36%) und Kakaocreme (36%).,Hinweis zur Aufbewahrung: Kühl und trocken aufbewahren,"Verantwortliches Lebensmittelunternehmen:
Ferrero Deutschland GmbH, Hainer Weg 120, D-60599 Frankfurt am Main","Zutatenverzeichnis: Zucker, pflanzliche Fette (Palm, Shea), WEIZENMEHL (8,5 %),VOLLMILCHPULVER (7,5 %), fettarmer Kakao (5 %), MAGERMILCHPULVER (4,5 %), HASELNÜSSE, SÜSSMOLKENPULVER, Halbbitterschokolade (Zucker, Kakaomasse, Kakaobutter,Emulgator Lecithine (SOJA), Vanillin), WEIZENSTÄRKE,Emulgator Lecithine (SOJA), Sonnenblumenöl, MILCHEIWEISS,Backtriebmittel: Ammoniumhydrogencarbonat, Natriumhydrogencarbonat;Salz, Vanillin.Gesamtmilchbestandteile im Produkt 12 %.",2471,593,"38,6","17,6","53,6","45,1","6,7","0,264",https://www.edeka24.de/Lebensmittel/Suess-Salzig/Schokoriegel/Ferrero-Kinder-Happy-Hippo-Kakao-5ST-103-5G.html,https://www.edeka24.de/out/pictures/generated/product/1/540_540_90/kinder_happy_hippo_cacao_1035_g.jpg
2805,Lebensmittel,Süß & Salzig,Schokoriegel,Ferrero Yogurette 24ST 300G,"3,79 €","12,63 €/kg","inkl. MwSt., zzgl. 4.95 € Versandkosten.",lieferbar innerhalb von 2-5 Werktagen,2023-05-03 01:33:12.908454,Gefüllte Vollmilchschokolade mit Magermilchjoghurt-Erdbeer-Creme.,Hinweis zur Aufbewahrung: Kühl und trocken aufbewahren,"Verantwortliches Lebensmittelunternehmen:
Ferrero oHG mbH, Michele-Ferrero-Str. 1, 35260 Stadtallendorf","Zutatenverzeichnis: MAGERMILCHJOGHURT-Erdbeer-Creme 49,5 % (Zucker, Palmöl, Traubenzucker, MAGERMILCHJOGHURTPULVER (10%), Emulgator Lecithine (SOJA), Aroma), VOLLMILCHSCHOKOLADE 35 % (Zucker, VOLLMILCHPULVER, Kakaobutter, Kakaomasse, Emulgator Lecithine (SOJA), Vanillin), Halbbitterschokolade 10 % (Zucker, Kakaomasse, Kakaobutter, Emulgator Lecithine (SOJA), Vanillin), Erdbeergranulat 5,5 % (Zucker, Erdbeerpulver, Palmöl).",571,2382,"35,6","20,5","56,8","55,4","4,8","0,142",https://www.edeka24.de/Lebensmittel/Suess-Salzig/Schokoriegel/Ferrero-Yogurette-24ST-300G.html,https://www.edeka24.de/out/pictures/generated/product/1/540_540_90/yogurette_300_g_vorratspackung_24er.jpg
2806,Lebensmittel,Süß & Salzig,Schokoriegel,Ferrero Yogurette Erdbeere 8ST 100G,"1,39 €","13,90 €/kg","inkl. MwSt., zzgl. 4.95 € Versandkosten.",lieferbar innerhalb von 2-5 Werktagen,2023-05-03 01:33:15.498180,Gefüllte Vollmilchschokolade mit Magermilchjoghurt-Erdbeer-Creme.,Hinweis zur Aufbewahrung: Kühl und trocken aufbewahren,"Verantwortliches Lebensmittelunternehmen:
Ferrero, 60624 Frankfurt am Main","Zutatenverzeichnis: MAGERMILCHJOGHURT-Erdbeer-Creme 49,5 % (Zucker, Palmöl,Traubenzucker, MAGERMILCHJOGHURTPULVER (10 %), Emulgator Lecithine(SOJA), Aroma),VOLLMILCHSCHOKOLADE 35 % (Zucker, VOLLMILCHPULVER,Kakaobutter, Kakaomasse, Emulgator Lecithine (SOJA), Vanillin),Halbbitterschokolade 10 % (Zucker, Kakaomasse, Kakaobutter, EmulgatorLecithine (SOJA), Vanillin), Erdbeergranulat 5,5 % (Zucker,Erdbeerpulver, Palmöl).",2382,571,g,g,g,"55,4","4,8","0,142",https://www.edeka24.de/Lebensmittel/Suess-Salzig/Schokoriegel/Ferrero-Yogurette-Erdbeere-8ST-100G.html,https://www.edeka24.de/out/pictures/generated/product/1/540_540_90/yogurette_erdbeere_100g.jpg
2807,Lebensmittel,Süß & Salzig,Schokoriegel,"Kinder Country 9ST 211,5G","2,79 €","1,32 €/kg","inkl. MwSt., zzgl. 4.95 € Versandkosten.",lieferbar innerhalb von 2-5 Werktagen,2023-05-03 01:33:18.706242,Gefüllte Vollmilchschokolade mit Milchfüllung (57 %) und verschiedenen Cerealien.,Hinweis zur Aufbewahrung: Kühl und trocken lagern,"Verantwortliches Lebensmittelunternehmen:
Ferrero Deutschland GmbH, Hainer Weg 120, D-60599 Frankfurt am Main","Zutatenverzeichnis: VOLLMILCHSCHOKOLADE 33,5 % (Zucker, Kakaobutter, VOLLMILCHPULVER, Kakaomasse, Emulgator Lecithine (SOJA), Vanillin), Zucker, MAGERMILCHPULVER, Palmöl, gepufftes Getreide 7,5 % (GERSTE, Reis, WEIZEN, DINKEL, Buchweizen), BUTTERREINFETT, Emulgator Lecithine (SOJA), Vanillin.",561,2342,"33,8","21,9","54,9","49,1","8,6","0,275",https://www.edeka24.de/Lebensmittel/Suess-Salzig/Schokoriegel/Kinder-Country-9ST-211-5G.html,https://www.edeka24.de/out/pictures/generated/product/1/540_540_90/kinder_country_9st.jpg
2808,Lebensmittel,Süß & Salzig,Schokoriegel,Kinder Riegel 10ST 210G,"2,79 €","13,29 €/kg","inkl. MwSt., zzgl. 4.95 € Versandkosten.",lieferbar innerhalb von 2-5 Werktagen,2023-05-03 01:33:21.796063,"Gefüllte Vollmilchschokolade mit Milchfüllung (59,5 %).",Hinweis zur Aufbewahrung: Kühl und trocken aufbewahren,"Verantwortliches Lebensmittelunternehmen:
Ferrero Deutschland GmbH, Hainer Weg 120, D-60599 Frankfurt am Main","Zutatenverzeichnis: VOLLMILCHSCHOKOLADE 40 % (Zucker, VOLLMILCHPULVER, Kakaobutter, Kakaomasse, Emulgator Lecithine (SOJA), Vanillin), Zucker, MAGERMILCHPULVER, Palmöl, BUTTERREINFETT, Emulgator Lecithine (Soja), Vanillin. Gesamtmilchbestandteile im Produkt 33 %. Gesamtkakaobestandteile im Produkt 13 %.",566,2360,35,"22,6","53,5","53,3","8,7","0,313",https://www.edeka24.de/Lebensmittel/Suess-Salzig/Schokoriegel/Kinder-Riegel-10ST-210G.html,https://www.edeka24.de/out/pictures/generated/product/1/540_540_90/kinder_riegel_10st.jpg
2809,Lebensmittel,Süß & Salzig,Schokoriegel,Kinder Schokolade 8ST 100G,"1,39 €","13,90 €/kg","inkl. MwSt., zzgl. 4.95 € Versandkosten.",lieferbar innerhalb von 2-5 Werktagen,2023-05-03 01:33:24.949396,"Gefüllte Vollmilchschokolade mit Milchfüllung (59,5 %).",Hinweis zur Aufbewahrung: Kühl und trocken aufbewahren,"Verantwortliches Lebensmittelunternehmen:
Ferrero Deutschland GmbH, Hainer Weg 120, D-60599 Frankfurt am Main","Zutatenverzeichnis: VOLLMILCHSCHOKOLADE 40 % (Zucker, VOLLMILCHPULVER, Kakaobutter, Kakaomasse, Emulgator Lecithine (SOJA), Vanillin), Zucker, MAGERMILCHPULVER, Palmöl, BUTTERREINFETT, Emulgator Lecithine (Soja), Vanillin. Gesamtmilchbestandteile im Produkt 33%. Gesamtkakaobestandteile im Produkt 13%.",2360,566,35,"22,6","53,5","53,3","8,7","0,313",https://www.edeka24.de/Lebensmittel/Suess-Salzig/Schokoriegel/Kinder-Schokolade-8ST-100G.html,https://www.edeka24.de/out/pictures/generated/product/1/540_540_90/kinder_schokolade_100g.jpg
2810,Lebensmittel,Süß & Salzig,Schokoriegel,KitKat 4ST 166G,"2,25 €","13,55 €/kg","inkl. MwSt., zzgl. 4.95 € Versandkosten.",lieferbar innerhalb von 2-5 Werktagen,2023-05-03 01:33:27.622131,"Knusperwaffel in Milchschokolade (68,2%).",Hinweis zur Aufbewahrung: Trocken lagern. Vor Wärme schützen.,"Verantwortliches Lebensmittelunternehmen:
Nestlé Deutschland AG, 60523 Frankfurt am Main","Zutatenverzeichnis: Zucker, WEIZENMEHL, MAGERMILCHPULVER, Kakaobutter, Kakaomasse, pflanzliche Fette (Palm, Shea), BUTTERREINFETT, fettarmer Kakao, Emulgator Lecithine, Backtriebmittel Natriumcarbonate.",2150,514,27,15,59,45,"8,2","0,15",https://www.edeka24.de/Lebensmittel/Suess-Salzig/Schokoriegel/KitKat-4ST-166G.html,https://www.edeka24.de/out/pictures/generated/product/1/540_540_90/kitkat_4st_166g.jpg
2811,Lebensmittel,Süß & Salzig,Schokoriegel,KitKat Chunky 4ST 160G,"2,29 €","14,31 €/kg","inkl. MwSt., zzgl. 4.95 € Versandkosten.",lieferbar innerhalb von 2-5 Werktagen,2023-05-03 01:33:30.212008,"Knusperwaffel in Milchschokolade (68,5%). Milchschokolade enthölt neben Kakaobutter auch andere pflanzliche Fette.",Hinweis zur Aufbewahrung: Trocken lagern. Vor Wärme schützen.,"Verantwortliches Lebensmittelunternehmen:
Nestlé Deutschland AG, 60523 Frankfurt am Main","Zutatenverzeichnis: Zucker, WEIZENMEHL, MAGERMILCHPULVER, Kakaomasse, Kakaobutter, pflanzliche Fette (Palm, Shea), BUTTERREINFETT, Emulgator (Lecithine), Backtriebmittel (Natriumcarbonate). Kann ERDNÜSSE und NÜSSE enthalten.",518,2168,"27,3","15,4","58,6","46,4","8,2","0,19",https://www.edeka24.de/Lebensmittel/Suess-Salzig/Schokoriegel/KitKat-Chunky-4ST-160G.html,https://www.edeka24.de/out/pictures/generated/product/1/540_540_90/kit_kat_chunky_milk_4st_160g.jpg
2812,Lebensmittel,Süß & Salzig,Schokoriegel,KitKat Chunky Caramel 4ST 174G,"2,29 €","13,16 €/kg","inkl. MwSt., zzgl. 4.95 € Versandkosten.",lieferbar innerhalb von 2-5 Werktagen,2023-05-03 01:33:33.152391,"Knusperwaffel mit 18,1% Karamell-Topping umhüllt von 63,7 Milchschokolade. Milchschokolade enthält neben Kakaobutter auch andere pflanzliche Fette.",Hinweis zur Aufbewahrung: Trocken lagern. Vor Wärme schützen.,"Verantwortliches Lebensmittelunternehmen:
Nestlé Deutschland AG, 60523 Frankfurt am Main","Zutatenverzeichnis: Zucker, Glukose-Fruktose-Sirup, MAGERMILCHPULVER, WEIZENMEHL, Kakaomasse*, Kakaobutter*, pflanzliche Fette (Palm, Shea), BUTTERREINFETT, MOLKENERZEUGNIS, Glukosesirup, GEZUCKERTE KONDENSMILCH (MILCH, Zucker), fettarmer Kakao*, Emulgator Lecithine, Salz, Backtriebmittel Natriumcarbonate, VOLLMILCHPULVER Kann enthalten: ERDNÜSSE und NÜSSE. *Rainforest Alliance Certified.",2072,495,"24,5","14,2","60,4","52,6","6,9","0,28",https://www.edeka24.de/Lebensmittel/Suess-Salzig/Schokoriegel/KitKat-Chunky-Caramel-4ST-174G.html,https://www.edeka24.de/out/pictures/generated/product/1/540_540_90/kit_kat_chunky_caramel_4x435g.jpg
2813,Lebensmittel,Süß & Salzig,Schokoriegel,Knoppers Erdnuss Riegel 5ST 200G,"2,29 €","11,45 €/kg","inkl. MwSt., zzgl. 4.95 € Versandkosten.",lieferbar innerhalb von 2-5 Werktagen,2023-05-03 01:33:36.256113,"Waffelriegel mit Milchcreme (14,4%), Erdnusscreme (14%), gesalzenen, gehackten Erdnüssen (13,4%) und zartem Karamell (22,1%), umhüllt von Vollmilchschokolade (29,5%)",,"Verantwortliches Lebensmittelunternehmen:
AUGUST STORCK KG, Waldstr. 27, D-13403 Berlin","Zutatenverzeichnis: Zucker, ERDNÜSSE (14,3%), pflanzliche Fette (Palm, Shea, Raps), Glukosesirup, VOLLMILCHPULVER (6,2%), Kakaobutter, MAGERMILCHPULVER (5,5%), kondensierte MAGERMILCH, WEIZENMEHL (3,9%), Kakaomasse, WEIZENVOLLKORNMEHL (2%), Kakao, Feuchthaltemittel Sorbitsirup, BUTTERMILCHPULVER, MILCHZUCKER, BUTTERREINFETT, SAHNE, kondensierte SÜßMOLKE, BUTTER, MOLKENERZEUGNIS, Salz, Emulgator Lecithine (SOJA), WEIZENSTÄRKE, magerer Kakao, SAHNEPULVER, Rohrzuckersirup, natürliche Aromen, Backtriebmittel Natriumhydrogencarbonat, Stabilisator Carrageen, gemahlene HASELNÜSSE, natürliches Vanillearoma. Kann auch Anteile von MANDEL, anderen NÜSSEN und EI enthalten.",517,2157,"29,7","14,6","51,3","39,3",10,"0,63",https://www.edeka24.de/Lebensmittel/Suess-Salzig/Schokoriegel/Knoppers-Erdnuss-Riegel-5ST-200G.html,https://www.edeka24.de/out/pictures/generated/product/1/540_540_90/knoppers_erdnuss_riegel_5st_200g.jpg
2814,Lebensmittel,Süß & Salzig,Schokoriegel,Knoppers Kokos Riegel 5ST 200G,"2,29 €","11,45 €/kg","inkl. MwSt., zzgl. 4.95 € Versandkosten.",lieferbar innerhalb von 2-5 Werktagen,2023-05-03 01:33:39.659807,"Waffelriegel mit Milchcreme (14,4%), Kokoscreme verfeinert mit Haselnüssen (17%), Kokosraspeln (6,5%) und zartem Karamell (26,1%), umhüllt von Vollmilchschokolade (29,5%)",,"Verantwortliches Lebensmittelunternehmen:
AUGUST STORCK KG, Waldstr. 27, D-13403 Berlin","Zutatenverzeichnis: Zucker, pflanzliche Fette (Palm, Shea), Glukosesirup, Kokosraspel (7,8%), VOLLMILCHPULVER (6,2%), Kakaobutter, MAGERMILCHPULVER (5,8%), MILCHZUCKER, kondensierte MAGERMILCH, WEIZENMEHL (3,9%), Kakaomasse, WEIZENVOLLKORNMEHL (2%), Feuchthaltemittel Sorbitsirup, BUTTERMILCHPULVER, SAHNE, HASELNÜSSE, BUTTERREINFETT, getrocknete Kokosmilch, kondensierte SÜSSMOLKE, BUTTER, MOLKENERZEUGNIS, Emulgator Lecithine (SOJA), Salz, WEIZENSTÄRKE, natürliche Aromen, magerer Kakao, SAHNEPULVER, Rohrzuckersirup, Backtriebmittel Natriumhydrogencarbonat, Stabilisator Carrageen, MILCHEIWEISS, natürliches Vanillearoma, gemahlene ERDNÜSSE. Kann auch Anteile von MANDEL, anderen NÜSSEN und EI enthalten.",2170,520,"30,3","19,4","54,4","41,7","6,7","0,44",https://www.edeka24.de/Lebensmittel/Suess-Salzig/Schokoriegel/Knoppers-Kokos-Riegel-5ST-200G.html,https://www.edeka24.de/out/pictures/generated/product/1/540_540_90/knopperskokosriegel.jpg
2815,Lebensmittel,Süß & Salzig,Schokoriegel,Knoppers Milch-Haselnuss-Schnitte 8ST 200G,"2,29 €","11,45 €/kg","inkl. MwSt., zzgl. 4.95 € Versandkosten.",lieferbar innerhalb von 2-5 Werktagen,2023-05-03 01:33:42.391899,"Gefüllte Waffelschnitte (Milchcremefüllung 30,2%, Nugatcremefüllung 29,4%)",,"Verantwortliches Lebensmittelunternehmen:
AUGUST STORCK KG, Waldstr. 27, D-13403 Berlin","Zutatenverzeichnis: Zucker, pflanzliche Fette (Palm, Shea), MAGERMILCHPULVER* (13,5%), WEIZENMEHL (12,3%), HASELNÜSSE (9,1%), WEIZENVOLLKORNMEHL (6,1%), Kakao, BUTTERREINFETT* (2,6%), magerer Kakao, WEIZENSTÄRKE, Emulgator Lecithine (SOJA), MOLKENERZEUGNIS, SAHNEPULVER* (0,2%), Salz, natürliche Aromen, Backtriebmittel Natriumhydrogencarbonat, gemahlene ERDNÜSSE. KANN AUCH ANTEILE VON MANDEL, ANDEREN NÜSSEN UND EI ENTHALTEN. *entspricht zusammen 10% Milchanteil.","2301,00000","551,00000","33,20000","18,60000","52,40000","35,20000","8,90000","0,39000",https://www.edeka24.de/Lebensmittel/Suess-Salzig/Schokoriegel/Knoppers-Milch-Haselnuss-Schnitte-8ST-200G.html,https://www.edeka24.de/out/pictures/generated/product/1/540_540_90/knoppers_8st_200g.jpg
2816,Lebensmittel,Süß & Salzig,Schokoriegel,Knoppers Nuss Riegel 5ST 200G,"2,29 €","11,45 €/kg","inkl. MwSt., zzgl. 4.95 € Versandkosten.",lieferbar innerhalb von 2-5 Werktagen,2023-05-03 01:33:44.670553,"Waffelriegel mit Milchcreme (14,4%), Nugatcreme (14%), gehackten Haselnüssen (13,4%) und zartem Karamell (22,2%), umhüllt von Vollmilchschokolade (29,5%)",,"Verantwortliches Lebensmittelunternehmen:
AUGUST STORCK KG, Waldstr. 27, D-13403 Berlin","Zutatenverzeichnis: Zutaten: Zucker, HASELNÜSSE (14,8%), pflanzliche Fette (Palm, Shea), Glukosesirup, VOLLMILCHPULVER (6,2%), Kakaobutter, MAGERMILCHPULVER (5,5%), kondensierte MAGERMILCH, WEIZENMEHL (3,9%), Kakaomasse, WEIZENVOLLKORNMEHL (2%), Kakao, Feuchthaltemittel Sorbitsirup, BUTTERMILCHPULVER, MILCHZUCKER, BUTTERREINFETT, SAHNE, kondensierte SÜßMOLKE, BUTTER, MOLKENERZEUGNIS, Emulgator Lecithine (SOJA), Salz, WEIZENSTÄRKE, magerer Kakao, SAHNEPULVER, Rohrzuckersirup, natürliche Aromen, Backtriebmittel Natriumhydrogencarbonat, Stabilisator Carrageen, gemahlene ERDNÜSSE, natürliches Vanillearoma. KANN AUCH ANTEILE VON MANDEL, ANDEREN NÜSSEN UND EI ENTHALTEN.",2233,535,"31,","14,4","52,3","38,8","8,4","0,35",https://www.edeka24.de/Lebensmittel/Suess-Salzig/Schokoriegel/Knoppers-Nuss-Riegel-5ST-200G.html,https://www.edeka24.de/out/pictures/generated/product/1/540_540_90/knoppersnussriegel.jpg
2817,Lebensmittel,Süß & Salzig,Schokoriegel,Knoppers Nussriegel Dark 5ST 200G,"2,29 €","11,45 €/kg","inkl. MwSt., zzgl. 4.95 € Versandkosten.",lieferbar innerhalb von 2-5 Werktagen,2023-05-03 01:33:47.344028,-,,"Verantwortliches Lebensmittelunternehmen:
August Storck KG, D-13403 Berlin","Zutatenverzeichnis: Zucker, HASELNÜSSE (12,8%), pflanzliche Fette (Palm, Shea), Glukosesirup, Kakaomasse, MAGERMILCHPULVER (5,6%), Kakaobutter, WEIZENMEHL (4,9%), SAHNEPULVER, kondensierte MAGERMILCH, Kakao, Feuchthaltemittel Sorbitsirup, WEIZENVOLLKORNMEHL (1,3%), VOLLMILCHPULVER (1,2%), BUTTERREINFETT, SAHNE, magerer Kakao, kondensierte SÜSSMOLKE, BUTTER, MOLKENERZEUGNIS, Emulgator Lecithine (SOJA), Salz, Rohrzuckersirup, natürliche Aromen, Karamellzuckersirup, Stabilisator Carrageen, Backtriebmittel (Natriumhydrogencarbonat, Ammoniumhydrogencarbonat, Kaliumcarbonate), natürliches Vanillearoma, gemahlene ERDNÜSSE. Kann auch Anteile von MANDEL, ANDEREN NÜSSEN und EI enthalten.",2244,538,"33,5","15,9","49,2","35,6","8,4","0,36",https://www.edeka24.de/Lebensmittel/Suess-Salzig/Schokoriegel/Knoppers-Nussriegel-Dark-5ST-200G.html,https://www.edeka24.de/out/pictures/generated/product/1/540_540_90/knoppersnrdark.jpg
2818,Lebensmittel,Süß & Salzig,Schokoriegel,Ludwig's Choco Fun Biscuit & Caramel 210G,"1,79 €","8,52 €/kg","inkl. MwSt., zzgl. 4.95 € Versandkosten.",lieferbar innerhalb von 2-5 Werktagen,2023-05-03 01:33:53.180151,Keks (31%) und Karamell (33%) umhüllt von Milchschokolade.,Hinweis zur Aufbewahrung: Vor Wärme und Feuchtigkeit schützen.,"Verantwortliches Lebensmittelunternehmen:
Ludwig Schokolade GmbH & Co.KG, Lebacher Str. 1-3, 66740 Saarlouis","Zutatenverzeichnis: Zucker, WEIZENMEHL, Palmfett, Glukosesirup, Kakaobutter, KONDENSMAGERMILCH, VOLLMILCHPULVER, Kakaomasse, Feuchthaltemittel (Sorbitsirup), MILCHZUCKER, SÜSSMOLKEPULVER, Karamelzuckersiirup, Salz, SAHNEPULVER, Emulgator (SOJALECITHINE), stark entöltes Kakaopulver, GERSTENMALZEXTRAKT, Backtriebmittel (Natriumhydrogencarbonat), Vanille Extrakt. Überzug: Milchschokolade: Kakao 27% mindestens. Milchbestandteile: 14% mindestens.Kann Spuren von ERDNÜSSEN, SCHALENFRÜCHTEN und EI enthalten.",2063,493,25,14,62,42,5,"0,67",https://www.edeka24.de/Lebensmittel/Suess-Salzig/Schokoriegel/Ludwig-s-Choco-Fun-Biscuit-Caramel-210G.html,https://www.edeka24.de/out/pictures/generated/product/1/540_540_90/ludwig039s_choco_fun_biscuitampampcaramel_5x42g.jpg
2819,Lebensmittel,Süß & Salzig,Schokoriegel,Ludwig's Choco Fun Coolchoc Coconut 175G,"1,79 €","10,23 €/kg","inkl. MwSt., zzgl. 4.95 € Versandkosten.",lieferbar innerhalb von 2-5 Werktagen,2023-05-03 01:33:55.961579,Gefüllte Milchschokolade (36%) mit Kokosraspelzubereitung (64%).,Hinweis zur Aufbewahrung: Vor Wärme und Feuchtigkeit schützen.,"Verantwortliches Lebensmittelunternehmen:
Ludwig Schokolade GmbH & Co.KG, Lebacher Str. 1-3, 66740 Saarlouis","Zutatenverzeichnis: Zucker, Kokosraspel (24%), Glukosesirup, Kakaobutter, VOLLMILCHPULVER, Kakaomasse, MILCHZUCKER, SÜSSMOLKENPULVER, SAHNEPULVER, Emulgatoren, (Sorbitanmonostearat, SOJALECITHINE), Salz, Feuchthaltemittel (Glycerin), MILCHEIWEISSHYDROLYSAT, natürliches Vanillearoma mit anderen natürlichen Aromen, Vanille Extrakt.Überzug: Milchschokolade: Kakao 27% mindestens. Milchbestandteile: 14% mindestens. Kann Spuren von ERDNÜSSEN, SCHALENFRÜCHTEN, GLUTEN und EI enthalten.",2019,483,25,19,59,48,"3,6","0,43",https://www.edeka24.de/Lebensmittel/Suess-Salzig/Schokoriegel/Ludwig-s-Choco-Fun-Coolchoc-Coconut-175G.html,https://www.edeka24.de/out/pictures/generated/product/1/540_540_90/ludwig039s_choco_fun_coolchoc_coconut_7x25g.jpg
2820,Lebensmittel,Süß & Salzig,Schokoriegel,Ludwig's Choco Fun Peanut & Caramel 216G,"1,79 €","8,29 €/kg","inkl. MwSt., zzgl. 4.95 € Versandkosten.",lieferbar innerhalb von 2-5 Werktagen,2023-05-03 01:33:58.463406,"Gefüllte Milchschokolade (35%) mit gerösteten Erdnüssen (24%), Karamell (27%) und Candy-Creme (14%).",Hinweis zur Aufbewahrung: Vor Wärme und Feuchtigkeit schützen.,"Verantwortliches Lebensmittelunternehmen:
Ludwig Schokolade GmbH & Co.KG, Lebacher Str. 1-3, 66740 Saarlouis","Zutatenverzeichnis: Zucker, ERDNÜSSE, Glukosesirup, Kakaobutter, Palmfett, VOLLMILCHPULVER, KONDENSMAGERMILCH, Kakaomasse, Feuchthaltemittel (Sorbitsirup), GERSTENMALZEXTRAKT, MILCHZUCKER, SÜSSMOLKENPULVER (MILCH), Salz, natürliches ERDNUSSAROMA, Emulgator (Lecithine (SOJA)), HÜHNEREIKLARPULVER, MILCHEIWEISSHYDROLYSAT, Vanilleextrakt. Kann Spuren von SCHALENFRÜCHTEN enthalten.",2097,502,28,12,52,42,"9,5","0,57",https://www.edeka24.de/Lebensmittel/Suess-Salzig/Schokoriegel/Ludwig-s-Choco-Fun-Peanut-Caramel-216G.html,https://www.edeka24.de/out/pictures/generated/product/1/540_540_90/choco_fun_peanut_ampamp_caramel_6st_216g.jpg
2821,Lebensmittel,Süß & Salzig,Schokoriegel,Ludwig's Choco Fun Smooth Caramel Bars 216G,"1,79 €","8,29 €/kg","inkl. MwSt., zzgl. 4.95 € Versandkosten.",lieferbar innerhalb von 2-5 Werktagen,2023-05-03 01:34:00.995145,Gefüllte Milchschokolade (40%) mit feiner Candycreme (32%) und Karamell (28%),Hinweis zur Aufbewahrung: Vor Wärme und Feuchtigkeit schützen.,"Verantwortliches Lebensmittelunternehmen:
Ludwig Schokolade GmbH & Co.KG, Lebacher Str. 1-3, 66740 Saarlouis","Zutatenverzeichnis: Zucker, Glukosesirup, Palmfett, Kakaobutter, VOLLMILCHPULVER, KONDENSMAGERMILCH, Kakaomasse, MILCHZUCKER, SÜSSMOLKENPULVER (MILCH), GERSTENMALZEXTRAKT, MAGERMILCHPULVER, stark enöltes Kakaopulver, Karamellzuckersirup, Salz, HÜHNEREIKLARPULVER, Emulgator (Lecithine (SOJA)), Vanilleextrakt. Kann Spuren von ERDNÜSSEN und SCHALENFRÜCHTEN enthalten.",1903,453,19,11,66,57,"3,9","0,57",https://www.edeka24.de/Lebensmittel/Suess-Salzig/Schokoriegel/Ludwig-s-Choco-Fun-Smooth-Caramel-Bars-216G.html,https://www.edeka24.de/out/pictures/generated/product/1/540_540_90/choco_fun_smooth_caramel_bars_6st_216g.jpg
2822,Lebensmittel,Süß & Salzig,Schokoriegel,"Milka Nussini 5ST 157,5G","2,69 €","17,08 €/kg","inkl. MwSt., zzgl. 4.95 € Versandkosten.",lieferbar innerhalb von 2-5 Werktagen,2023-05-03 01:34:03.939720,"Haselnussbestreute, knusprige Waffelschnitte, gefüllt mit einer Crème (48%) mit Haselnussgeschmack und mit Alpenmilch Schokolade (30%) überzogen.",Hinweis zur Aufbewahrung: Trocken lagern und vor Wärme schützen.,"Verantwortliches Lebensmittelunternehmen:
Mondelez Deutschland, D-28078 Bremen","Zutatenverzeichnis: Zucker, WEIZENMEHL, pflanzliche Fette (Palm, Shea), HASELNÜSSE (9,5 %), Süßmolkenpulver (aus MILCH), Kakaobutter, MAGERMILCHPULVER, Kakaomasse, BUTTERREINFETT, fettarmes Kakaopulver, Stärke, Emulgatoren (SOJALECITHIN, E 476), Rapsöl, Aromen, Speisesalz, Backtriebmittel (Natriumhydrogencarbonat, Ammoniumhydrogencarbonat).",2291,549,33,15,56,37,"5,9","0,19",https://www.edeka24.de/Lebensmittel/Suess-Salzig/Schokoriegel/Milka-Nussini-5ST-157-5G.html,https://www.edeka24.de/out/pictures/generated/product/1/540_540_90/milkanussini.jpg
2823,Lebensmittel,Süß & Salzig,Schokoriegel,Nestle Lion Choco Snack Size 5ST 150G,"2,29 €","15,27 €/kg","inkl. MwSt., zzgl. 4.95 € Versandkosten.",lieferbar innerhalb von 2-5 Werktagen,2023-05-03 01:34:07.545188,"Gefüllte Waffel mit Karamell (34,2%) und Weizencerealien (8,7%), überzogen mit Milchschokolade (38,7%)",Hinweis zur Aufbewahrung: Trocken lagern. Vor Wärme schützen.,"Verantwortliches Lebensmittelunternehmen:
Nestlé Polska S.A., ul. Domaniewska 32, 02-672 Warszawa","Zutatenverzeichnis: MILCHSCHOKOLADE (38,7%) [Zucker, Kakaobutter, VOLLMILCHPULVER, Kakaomasse, pflanzliche Fette (Palm, Shea), MOLKENERZEUGNIS, Emulgator (Lecithine)], Glukose-Fruktose-Sirup, WEIZENMEHL, gezuckerte KONDENSMILCH (VOLLMILCH, Zucker), Palmfett, Zucker, MOLKENERZEUGNIS, Maltodextrin, MAGERMILCHPULVER, WEIZENSTÄRKE, Salz, Emulgator (Lecithine), Backtriebmittel (Natriumcarbonate), karamellisierter Zucker, Verdickungsmittel (Carrageen). Kann enthalten: ERDNÜSSE, SOJA und NÜSSE.",492,2063,"22,8","12,3","65,7","50,4","5,3","0,51",https://www.edeka24.de/Lebensmittel/Suess-Salzig/Schokoriegel/Nestle-Lion-Choco-Snack-Size-5ST-150G.html,https://www.edeka24.de/out/pictures/generated/product/1/540_540_90/nestle_lion_choco_snack_size_5st_150g.jpg
2824,Lebensmittel,Süß & Salzig,Schokoriegel,Nestlé Nuts 5ST 150G,"2,29 €","15,27 €/kg","inkl. MwSt., zzgl. 4.95 € Versandkosten.",lieferbar innerhalb von 2-5 Werktagen,2023-05-03 01:34:10.400608,"Michschokolade (31,5%) mit einer Füllung mit Karamell (20%) und ganzen Haselnüssen (11%). Milchschokolade enthält neben Kakaobutter auch andere pflanzliche Fette.",,"Verantwortliches Lebensmittelunternehmen:
Nestlé Deutschland AG, 60523 Frankfurt am Main","Zutatenverzeichnis: Zucker, Glukosesirup, geröstete ganze HASELNÜSSE, pflanzliche Fette (Palm, Shea), Kakaobutter, MOLKENERZEUGNIS, VOLLMILCHPULVER, Glukose-Fruktose-Sirup, gezuckerte KONDENSMAGERMILCH (MAGERMILCH, Zucker), kakaomasse, getrocknetes HÜHNEREI-EIWEIß, Emulgator (Lecithine)",2049,490,"24,5","10,2","61,5",55,"4,9","0,15",https://www.edeka24.de/Lebensmittel/Suess-Salzig/Schokoriegel/Nestl-Nuts-5ST-150G.html,https://www.edeka24.de/out/pictures/generated/product/1/540_540_90/nestle_nuts_5x30g.jpg
2825,Lebensmittel,Süß & Salzig,Schokoriegel,Ritter Sport Schokowuerfel Dankeschön 176G,"2,89 €","16,42 €/kg","inkl. MwSt., zzgl. 4.95 € Versandkosten.",lieferbar innerhalb von 2-5 Werktagen,2023-05-03 01:34:13.277879,Kakao: 30% mindestens in der Vollmilchschokolade.,Hinweis zur Aufbewahrung: Vor Wärme und Feuchtigkeit schützen.,"Verantwortliches Lebensmittelunternehmen:
Alfred Ritter GmbH & Co. KG, Alfred-Ritter-Str. 25, 71111 Waldenbuch","Zutatenverzeichnis: Zutaten: Zucker, Palmfett*, Kakaobutter¹, VollMILCHpulver, Kakaomasse¹, MagerMILCHpulver, LAKTOSE, MagerMILCHjoghurtpulver, BUTTERreinfett, HASELNÜSSE, Glukose-Fruktose-Sirup, HASELNUSSmasse, BUTTER, SüßMOLKE, magerer Kakao¹, Maltodextrin, gezuckerte KondensMILCH, HASELNÜSSE (gehackt), Emulgator: Lecithine (SOJA), WEIZENmehl, MagerMILCH, SAHNE, SAHNEpulver, Kokosöl, Reis, Salz, WEIZENmalz, WEIZENstärke, GERSTEnmalzextrakt. *zertifiziert nachhaltig. Kann Spuren von Erdnüssen, anderen Schalenfrüchten und Ei enthalten. ¹Rainforest Alliance Certified",2375,570,38,21,50,47,"6,5","0,33",https://www.edeka24.de/Lebensmittel/Suess-Salzig/Schokoriegel/Ritter-Sport-Schokowuerfel-Dankeschoen-176G.html,https://www.edeka24.de/out/pictures/generated/product/1/540_540_90/rsschokowrfel.jpg
2826,Lebensmittel,Süß & Salzig,Schokoriegel,Veganz Bio Choc Bar Haselnuss vegan 40G,"1,69 €","42,25 €/kg","inkl. MwSt., zzgl. 4.95 € Versandkosten.",lieferbar innerhalb von 2-5 Werktagen,2023-05-03 01:34:15.854586,Bio Haselnusscreme-Riegel mit ganzen Haselnusskernen (10%) überzogen mit Schokoladenkuvertüre (30%). Kakao: 38% mindestens in der Schokoladenkuvertüre.,Hinweis zur Aufbewahrung: Trocken lagern und vor Wärme schützen.,"Verantwortliches Lebensmittelunternehmen:
Veganz GmbH, Warschauer Str. 32, 10243 Berlin","Zutatenverzeichnis: Rohrzucker*, HASELNÜSSE* geröstet (25 %), Kakaobutter*, Kakaomasse*, Reisglukosesirup* getrocknet, Sonnenblumenöl*, Emulgator: Sonnenblumenlecithin; Vanilleschoten* gemahlen, Meersalz. Kakao: 38 % mindestens in der Schokoladenkuvertüre. * aus kontrolliert biologischem Anbau",2422,582,39,13,51,45,"4,9","0,07",https://www.edeka24.de/Lebensmittel/Suess-Salzig/Schokoriegel/Veganz-Bio-Choc-Bar-Haselnuss-vegan-40G.html,https://www.edeka24.de/out/pictures/generated/product/1/540_540_90/veganzchocbarhazel.jpg
2827,Lebensmittel,Süß & Salzig,Schokoriegel,Veganz Bio Protein Choc Bar Chocolate Brownie Style 50G,"2,19 €","43,80 €/kg","inkl. MwSt., zzgl. 4.95 € Versandkosten.",lieferbar innerhalb von 2-5 Werktagen,2023-05-03 01:34:18.512568,-,,"Verantwortliches Lebensmittelunternehmen:
Veganz Group AG, D-12043 Berlin","Zutatenverzeichnis: Proteinmischung* (28 %) (Reisprotein*, Erbsenprotein*, SOJAPROTEIN*, Kürbiskernprotein*), Reissirup*, Schokoladenkuvertüre* (15%) (Rohrzucker*, Kakaomasse*, Kakaobutter*), Dattelsirup*, Agavendicksaft*, Dattelpulver*, Kakao* stark entölt (4,0%), Kokosnussöl*, Protein-Reis-Crispies* (2,5 %) (Sonnenblumenprotein*, Reismehl*, Zucker*, Kakao* stark entölt (4,5 %), Meersalz, natürliches Aroma), Kakaokernstückchen* roh (2,0 %), natürliches Aroma, Salz. *aus kontrolliert biologischem Anbau. Kann Spuren enthalten von SCHALENFRÜCHTEN, GLUTENHALTIGEM GETREIDE, EI und MILCH.",1678,399,13,"8,4",43,36,25,"0,52",https://www.edeka24.de/Lebensmittel/Suess-Salzig/Schokoriegel/Veganz-Bio-Protein-Choc-Bar-Chocolate-Brownie-Style-50G.html,https://www.edeka24.de/out/pictures/generated/product/1/540_540_90/veganzproteinchocbar.jpg
2828,Lebensmittel,Süß & Salzig,Schokoriegel,Zentis Belmanda Edel-Marzipan Riegel Nougat 40G,"0,89 €","22,25 €/kg","inkl. MwSt., zzgl. 4.95 € Versandkosten.",lieferbar innerhalb von 2-5 Werktagen,2023-05-03 01:34:21.243273,-,,"Verantwortliches Lebensmittelunternehmen:
Zentis Süßwaren GmbH & Co. KG., 52078 Aachen","Zutatenverzeichnis: Zucker, 18% MANDELN, 14% HASELNÜSSE, Kakaobutter, Kakaomasse, VOLLMILCHPULVER, Invertzuckersirup, Emulgator SOJALECITHINE, Feuchthaltemittel Invertase, Vanilleextrakt. Kann andere SCHALENFRÜCHTE enthalten",2140,512,29,"8,5",55,54,"7,0","0,05",https://www.edeka24.de/Lebensmittel/Suess-Salzig/Schokoriegel/Zentis-Belmanda-Edel-Marzipan-Riegel-Nougat-40G.html,https://www.edeka24.de/out/pictures/generated/product/1/540_540_90/zentis_belmanda_edelmarzipan_riegel_nougat_40g(1).jpg
2829,Lebensmittel,Süß & Salzig,Bonbons & Kaugummi,Maoam Kracher 200G,"1,29 €","6,45 €/kg","inkl. MwSt., zzgl. 4.95 € Versandkosten.",lieferbar innerhalb von 2-5 Werktagen,2023-05-03 01:34:24.277350,"Kaubonbon-Dragees mit 2,7% Brausepulver in der Füllung, Teilweise mit Cola-Geschmack",Hinweis zur Aufbewahrung: Vor Wärme und Feuchtigkeit schützen.,"Verantwortliches Lebensmittelunternehmen:
HARIBO GmbH & Co. KG, Hans-Riegel-Straße 1, D-53129 Bonn","Zutatenverzeichnis: Zucker, Glukosesirup, Palmfett, Feuchthaltemittel: Sorbitsirup, Säuerungsmittel: Citronensäure, Gelatine, Karamellsirup, Säureregulator: Natriumhydrogencarbonat, Frucht- und Pflanzenkonzentrate: Saflor, Zitrone, Spirulina, Rettich, Schwarze Johannisbeere, Karotte, Apfel, Süßholzextrakt, Aroma, brauner Zuckersirup, Trennmittel: Talkum, Überzugsmittel: Bienenwachs weiß und gelb, Invertzuckersirup.",1727,408,"5,1","2,5",90,70,"0,7","0,05",https://www.edeka24.de/Lebensmittel/Suess-Salzig/Bonbons-Kaugummi/Maoam-Kracher-200G.html,https://www.edeka24.de/out/pictures/generated/product/1/540_540_90/maoam-kracher.jpg
2830,Lebensmittel,Süß & Salzig,Bonbons & Kaugummi,nimm2 Bonbons 145G,"1,09 €","7,52 €/kg","inkl. MwSt., zzgl. 4.95 € Versandkosten.",lieferbar innerhalb von 2-5 Werktagen,2023-05-03 01:34:27.261648,Gefüllte Fruchtbonbons mit Vitaminen,Hinweis zur Aufbewahrung: Vor Wärme und Feuchtigkeit schützen.,"Verantwortliches Lebensmittelunternehmen:
August Storck KG, Waldstr. 27, D-13403 Berlin","Zutatenverzeichnis: Glukosesirup, Zucker, Glukose-Fruktose-Sirup, konzentrierte Fruchtsäfte 1,3%* (Orange, Limette, Zitrone, Blutorange, Aronia, Holunder), Säuerungsmittel (Citronensäure, Milchsäure), Vitamin C, kondensierte MAGERMILCH, natürliches Orangenaroma mit anderen natürlichen Aromen, Niacin, natürliches Orangenaroma, Vitamin E, natürliches Zitronenaroma mit anderen natürlichen Aromen, Pantothensäure, MOLKENERZEUGNIS, Vitamin B2, Vitamin B6, Vitamin B1, Folsäure, Vitamin B12. *entspricht 5% Fruchtsaft",1588,374,"0,1","0,1","92,3","68,6","0,1","0,02",https://www.edeka24.de/Lebensmittel/Suess-Salzig/Bonbons-Kaugummi/nimm2-Bonbons-145G.html,https://www.edeka24.de/out/pictures/generated/product/1/540_540_90/nimm2_bonbons.jpg
2831,Lebensmittel,Süß & Salzig,Bonbons & Kaugummi,Werther's Original klassische Sahnebonbons 245G,"1,79 €","7,31 €/kg","inkl. MwSt., zzgl. 4.95 € Versandkosten.",lieferbar innerhalb von 2-5 Werktagen,2023-05-03 01:34:30.098998,Sahnebonbons,Hinweis zur Aufbewahrung: Vor Wärme und Feuchtigkeit schützen.,"Verantwortliches Lebensmittelunternehmen:
August Storck KG, Waldstr. 27, D-13403 Berlin","Zutatenverzeichnis: Zucker, Glukosesirup, SAHNE (7,4%), kondensierte SÜßMOLKE, BUTTER (4,8%), Rohrzuckersirup, Salz, Emulgator Lecithine (SOJA), Aroma.",424,1793,"8,4","5,7","86,9","71,6","0,3",1,https://www.edeka24.de/Lebensmittel/Suess-Salzig/Bonbons-Kaugummi/Werther-s-Original-klassische-Sahnebonbons-245G.html,https://www.edeka24.de/out/pictures/generated/product/1/540_540_90/storck_werthers_echte_original.jpg
2832,Lebensmittel,Süß & Salzig,Bonbons & Kaugummi,Storck Durchbeißer 425G,"1,99 €","4,68 €/kg","inkl. MwSt., zzgl. 4.95 € Versandkosten.",lieferbar innerhalb von 2-5 Werktagen,2023-05-03 01:34:32.714631,Extra zarte Weichkaramellen,Hinweis zur Aufbewahrung: Vor Wärme und Feuchtigkeit schützen.,"Verantwortliches Lebensmittelunternehmen:
AUGUST STORCK KG, Waldstr. 27 D-13403 Berlin","Zutatenverzeichnis: Zucker, Glukosesirup, Feuchthaltemittel Sorbitsirup, Palmfett, kondensierte MAGERMILCH, kondensierte SÜßMOLKE, Rohrzuckersirup, MOLKENERZEUGNIS, Aroma, Salz.",403,1701,"9,2","5,1","81,2",60,"1,7","0,25",https://www.edeka24.de/Lebensmittel/Suess-Salzig/Bonbons-Kaugummi/Storck-Durchbeisser-425G.html,https://www.edeka24.de/out/pictures/generated/product/1/540_540_90/storck_durchbeier.jpg
2833,Lebensmittel,Süß & Salzig,Bonbons & Kaugummi,Em-Eukal Hustenbonbons klassisch 150G,"2,59 €","17,27 €/kg","inkl. MwSt., zzgl. 4.95 € Versandkosten.",lieferbar innerhalb von 2-5 Werktagen,2023-05-03 01:34:35.309464,Hustenbonbons,,"Verantwortliches Lebensmittelunternehmen:
Dr. C. Soldan GmbH, Dr.-Carl-Soldan-Platz 1, 91325 Adelsdorf, Deutschland","Zutatenverzeichnis: Zucker, Glukosesirup, Karamell, Menthol, Eukalyptusöl",1654,389,0,0,97,68,0,0,https://www.edeka24.de/Lebensmittel/Suess-Salzig/Bonbons-Kaugummi/Em-Eukal-Hustenbonbons-klassisch-150G.html,https://www.edeka24.de/out/pictures/generated/product/1/540_540_90/emeukal_hustenbonbons_klassisch.jpg
2834,Lebensmittel,Süß & Salzig,Bonbons & Kaugummi,Campino Früchte Bonbons 335G,"1,99 €","5,94 €/kg","inkl. MwSt., zzgl. 4.95 € Versandkosten.",lieferbar innerhalb von 2-5 Werktagen,2023-05-03 01:34:38.281558,"Fruchtbonbons in den Geschmacksrichtungen: Zitrone, Orange, Kirsche und Schwarze Johannisbeere",,"Verantwortliches Lebensmittelunternehmen:
AUGUST STORCK KG, Waldstr. 27 D-13403 Berlin","Zutatenverzeichnis: Zucker, Glukosesirup, Säuerungsmittel Milchsäure, Säureregulator Natriumlactat, Aromen, färbendes Schwarze Karottenkonzentrat, färbender Kurkuma-Auszug.",1646,387,"0,1","0,1","95,6","78,3","0,1","0,3",https://www.edeka24.de/Lebensmittel/Suess-Salzig/Bonbons-Kaugummi/Campino-Fruechte-Bonbons-335G.html,https://www.edeka24.de/out/pictures/generated/product/1/540_540_90/campinofrchte.jpg
2835,Lebensmittel,Süß & Salzig,Bonbons & Kaugummi,Maoam 5ST 110G,"0,89 €","8,09 €/kg","inkl. MwSt., zzgl. 4.95 € Versandkosten.",lieferbar innerhalb von 2-5 Werktagen,2023-05-03 01:34:41.360837,"Kaubonbons, teilweise mit Cola-Geschmack",Hinweis zur Aufbewahrung: Vor Wärme und Feuchtigkeit schützen.,"Verantwortliches Lebensmittelunternehmen:
HARIBO GmbH & Co. KG, Hans-Riegel-Straße 1, D-53129 Bonn","Zutatenverzeichnis: Zucker, Glukosesirup, Palmfett, Feuchthaltemittel: Sorbitsirup, Gelatine, Säuerungsmittel: Citronensäure, Aroma.",394,1666,"6,4","3,2",84,60,1,"0,02",https://www.edeka24.de/Lebensmittel/Suess-Salzig/Bonbons-Kaugummi/Maoam-5ST-110G.html,https://www.edeka24.de/out/pictures/generated/product/1/540_540_90/maoam_5er_stange.jpg
2836,Lebensmittel,Süß & Salzig,Bonbons & Kaugummi,Villosa Sallos 150G,"1,29 €","8,60 €/kg","inkl. MwSt., zzgl. 4.95 € Versandkosten.",lieferbar innerhalb von 2-5 Werktagen,2023-05-03 01:34:44.414917,Lakritz Bonbon,,"Verantwortliches Lebensmittelunternehmen:
Villosa Vertriebsgesellschaft mbH, Dechant-Sprünken-Str. 53-57, 46446 Emmerich","Zutatenverzeichnis: Glukosesirup, Zucker, pflanzliches Fett (Palm), 3 % Süßholzsaft, Karamellzuckersirup, Emulgator: SOJALECITHINE, Aromen, Farbstoff: Pflanzenkohle, Speisesalz, Kräuterauszüge.",404,1712,"4,1",2,92,61,"0,5","0,1",https://www.edeka24.de/Lebensmittel/Suess-Salzig/Bonbons-Kaugummi/Villosa-Sallos-150G.html,https://www.edeka24.de/out/pictures/generated/product/1/540_540_90/sallos.jpg
2837,Lebensmittel,Süß & Salzig,Bonbons & Kaugummi,Werther's Original Karamell Creme 225G,"1,79 €","7,96 €/kg","inkl. MwSt., zzgl. 4.95 € Versandkosten.",lieferbar innerhalb von 2-5 Werktagen,2023-05-03 01:34:47.156474,Sahnebonbons mit Karamellcremefüllung (24%),Hinweis zur Aufbewahrung: Vor Wärme und Feuchtigkeit schützen.,"Verantwortliches Lebensmittelunternehmen:
August Storck KG, Waldstr. 27, D-13403 Berlin","Zutatenverzeichnis: Zucker, Glukosesirup, Glukose-Fruktose-Sirup, SAHNE (7 %), kondensierte SÜßMOLKE, BUTTER (4,5 %), kondensierte MAGERMILCH, Rohrzuckersirup, Salz, BUTTERREINFETT, MOLKENERZEUGNIS, Emulgator Lecithine (SOJA), Aroma.",406,1715,"8,5","5,7","81,7","63,2","0,7","0,83",https://www.edeka24.de/Lebensmittel/Suess-Salzig/Bonbons-Kaugummi/Werther-s-Original-Karamell-Creme-225G.html,https://www.edeka24.de/out/pictures/generated/product/1/540_540_90/4014400909906.png
2838,Lebensmittel,Süß & Salzig,Bonbons & Kaugummi,Wrigleys Extra Professional Mints Classic Mint 70ST,"2,29 €","0,03 €/st","inkl. MwSt., zzgl. 4.95 € Versandkosten.",lieferbar innerhalb von 2-5 Werktagen,2023-05-03 01:34:49.526584,Zuckerfreie Pastillen mit Süßungsmitteln und Minzegeschmack.,"Hinweis zur Aufbewahrung: Nach dem Öffnen bald verzehren, kühl und trocken aufbewahren.","Verantwortliches Lebensmittelunternehmen:
Wrigley GmbH, Biberger Str. 18, D-82008 Unterhaching","Zutatenverzeichnis: Süßungsmittel Sorbit, Isomalt, Aromen, Trennmittel E470b, Süßungsmittel Stevioglycoside, Farbstoff E132. Kann bei übermäßigem Verzehr abführend wirken.",997,239,"0,8","0,8","96,7",g,g,g,https://www.edeka24.de/Lebensmittel/Suess-Salzig/Bonbons-Kaugummi/Wrigleys-Extra-Professional-Mints-Classic-Mint-70ST.html,https://www.edeka24.de/out/pictures/generated/product/1/540_540_90/wrigleys_extra_professional_mints_classic_mint.jpg
2839,Lebensmittel,Süß & Salzig,Bonbons & Kaugummi,nimm2 Fruchtkaubonbons Soft Brause 195G,"1,79 €","9,18 €/kg","inkl. MwSt., zzgl. 4.95 € Versandkosten.",lieferbar innerhalb von 2-5 Werktagen,2023-05-03 01:34:52.267270,Brausegefüllte Fruchtkaubonbons mit Vitaminen,Hinweis zur Aufbewahrung: Vor Wärme und Feuchtigkeit schützen.,"Verantwortliches Lebensmittelunternehmen:
August Storck KG, Waldstr. 27, D-13403 Berlin","Zutatenverzeichnis: Zucker, Glukosesirup, Säuerungsmittel Citronensäure, Palmfett, Feuchthaltemittel Sorbitsirup, modifizierte Stärke, konzentrierte Fruchtsäfte 1,8%* (Traube, Orange, Limette, Zitrone, Kirsche, Erdbeere, Apfel), Natriumhydrogencarbonat, Vitamin C, Trennmittel (Siliciumdioxid, Magnesiumoxid), Natriumcarbonat, färbende Konzentrate (Schwarze Karotte, Spirulina), Aromen, Niacin, Vitamin E, Pantothensäure, Emulgator Polyoxyethylensorbitanmonostearat, konzentrierter Rote Beete-Saft, färbender Kurkuma-Auszug, Vitamin B6, Folsäure, Vitamin B12. *entspricht 7,5% Fruchtsaft",1620,382,"3,8","2,2","84,2","65,6","0,1","1,2",https://www.edeka24.de/Lebensmittel/Suess-Salzig/Bonbons-Kaugummi/nimm2-Fruchtkaubonbons-Soft-Brause-195G.html,https://www.edeka24.de/out/pictures/generated/product/1/540_540_90/nimm2-soft-brause.jpg
2840,Lebensmittel,Süß & Salzig,Bonbons & Kaugummi,Storck Mamba Magic Sticks 290G,"2,29 €","7,90 €/kg","inkl. MwSt., zzgl. 4.95 € Versandkosten.",lieferbar innerhalb von 2-5 Werktagen,2023-05-03 01:34:55.168818,Kaubonbons mit Fruchtgeschmack,Hinweis zur Aufbewahrung: Vor Wärme und Feuchtigkeit schützen.,"Verantwortliches Lebensmittelunternehmen:
August Storck KG, Waldstr. 27, 13403 Berlin","Zutatenverzeichnis: Zucker, Glukosesirup, Palmfett, Feuchthaltemittel Sorbitsirup, Gelatine, Säuerungsmittel Citronensäure, Aromen, färbende Konzentrate (Schwarze Karotte, Schwarze Johannisbeere, Erdbeersaft, Spirulina), färbender Kurkuma-Auszug, Karamellsirup.",1677,396,"5,9","3,3","84,7",62,"1,6","0,01",https://www.edeka24.de/Lebensmittel/Suess-Salzig/Bonbons-Kaugummi/Storck-Mamba-Magic-Sticks-290G.html,https://www.edeka24.de/out/pictures/generated/product/1/540_540_90/mamba_magic_sticks_290g.jpg
2841,Lebensmittel,Süß & Salzig,Bonbons & Kaugummi,tic tac Fresh Mint 100ST 49G,"1,69 €","34,49 €/kg","inkl. MwSt., zzgl. 4.95 € Versandkosten.",lieferbar innerhalb von 2-5 Werktagen,2023-05-03 01:34:58.148494,Pfefferminzdragee.,Hinweis zur Aufbewahrung: Kühl und trocken aufbewahren,"Verantwortliches Lebensmittelunternehmen:
Ferrero Deutschland GmbH, Hainer Weg 120, D-60599 Frankfurt am Main","Zutatenverzeichnis: Zucker, Maltodextrin, Fruchtzucker, Verdickungsmittel Gummi arabicum, Reisstärke, Trennmittel Magnesiumsalze von Speisefettsäuren, Aromen, Pfefferminzöl, Überzugsmittel Carnaubawachs.",1685,397,"0,5","0,5","97,5","94,5","0,1","0,028",https://www.edeka24.de/Lebensmittel/Suess-Salzig/Bonbons-Kaugummi/tic-tac-Fresh-Mint-100ST-49G.html,https://www.edeka24.de/out/pictures/generated/product/1/540_540_90/tic_tac_fresh_mint_100er_box.jpg
2842,Lebensmittel,Süß & Salzig,Bonbons & Kaugummi,Em-Eukal Honig Hustenbonbons 75G,"1,79 €","23,87 €/kg","inkl. MwSt., zzgl. 4.95 € Versandkosten.",lieferbar innerhalb von 2-5 Werktagen,2023-05-03 01:35:01.256854,Gefüllte Honig-Bonbons,,"Verantwortliches Lebensmittelunternehmen:
Dr. C. Soldan GmbH, Dr.-Carl-Soldan-Platz 1, D-91325 Adelsdorf","Zutatenverzeichnis: Zucker, Glucosesirup, Honig 8%, Karamell. Kann Spuren von GLUTEN enthalten.",1624,384,0,0,96,71,0,0,https://www.edeka24.de/Lebensmittel/Suess-Salzig/Bonbons-Kaugummi/Em-Eukal-Honig-Hustenbonbons-75G.html,https://www.edeka24.de/out/pictures/generated/product/1/540_540_90/emeukal_honig_hustenbonbons.jpg
2843,Lebensmittel,Süß & Salzig,Bonbons & Kaugummi,nimm2 Fruchtkaubonbon Soft 195G,"1,99 €","10,21 €/kg","inkl. MwSt., zzgl. 4.95 € Versandkosten.",lieferbar innerhalb von 2-5 Werktagen,2023-05-03 01:35:03.686062,Gefüllte Fruchtkaubonbons mit wertvollen Vitaminen,Hinweis zur Aufbewahrung: Vor Wärme und Feuchtigkeit schützen.,"Verantwortliches Lebensmittelunternehmen:
August Storck KG, Waldstr. 27, D-13403 Berlin","Zutatenverzeichnis: Zucker, Glukosesirup, Glukose-Fruktose-Sirup, Feuchthaltemittel Sorbitsirup, modifizierte Stärke, Palmfett, konzentrierte Fruchtsäfte 1,8%* (Traube, Orange, Limette, Zitrone, Kirsche, Erdbeere), Säuerungsmittel Citronensäure, Vitamin C, färbendes Schwarze Karottenkonzentrat, Aromen, Niacin, Vitamin E, Pantothensäure, Emulgator Polyoxyethylensorbitanmonostearat, konzentrierter Rote Beete-Saft, färbender Kurkuma-Auszug, Vitamin B6, Folsäure, Vitamin B12. * entspricht 7,5% Fruchtsaft",374,1586,"3,4","1,9","87,5","58,8","0,1","0,03",https://www.edeka24.de/Lebensmittel/Suess-Salzig/Bonbons-Kaugummi/nimm2-Fruchtkaubonbon-Soft-195G.html,https://www.edeka24.de/out/pictures/generated/product/1/540_540_90/nimm2soft.jpg
2844,Lebensmittel,Süß & Salzig,Bonbons & Kaugummi,Maoam MaoMix 250G,"2,79 €","11,16 €/kg","inkl. MwSt., zzgl. 4.95 € Versandkosten.",lieferbar innerhalb von 2-5 Werktagen,2023-05-03 01:35:06.332157,"Kaubonbons, teilweise mit Cola-Geschmack",Hinweis zur Aufbewahrung: Vor Wärme und Feuchtigkeit schützen.,"Verantwortliches Lebensmittelunternehmen:
HARIBO GmbH & Co. KG, Hans-Riegel-Straße 1, D-53129 Bonn","Zutatenverzeichnis: Zucker, Glukosesirup, Palmfett, Feuchthaltemittel: Sorbitsirup, Säuerungsmittel: Citronensäure, Gelatine, Aroma, Frucht- und Pflanzenkonzentrate: Saflor, Zitrone, Spirulina, Rettich, Schwarze Johannisbeere, Karotte, Apfel, Karamellsirup, Süßholzextrakt, Trennmittel: Talkum, Überzugsmittel: Bienenwachs weiß und gelb, brauner Zuckersirup, Invertzuckersirup.",394,1666,"6,4","3,2",84,60,1,"0,02",https://www.edeka24.de/Lebensmittel/Suess-Salzig/Bonbons-Kaugummi/Maoam-MaoMix-250G.html,https://www.edeka24.de/out/pictures/generated/product/1/540_540_90/maomix250g.png
2845,Lebensmittel,Süß & Salzig,Bonbons & Kaugummi,Frigeo Ahoj Brausebonbon Stangen 69G,"0,99 €","14,35 €/kg","inkl. MwSt., zzgl. 4.95 € Versandkosten.",lieferbar innerhalb von 2-5 Werktagen,2023-05-03 01:35:10.688546,"Brause-Bonbon-Stangen Zitrone-, Himbeer-, Cola-Geschmack",Hinweis zur Aufbewahrung: Trocken aufbewahren.,"Verantwortliches Lebensmittelunternehmen:
Frigeo Vertriebsgesellschaft mbH & Co. KG, Alfred-Klingele-Str. 48, D-73630 Remshalden","Zutatenverzeichnis: Zucker, Maltodextrin, Säuerungsmittel: L(+)-Weinsäure u. Citronensäure, Säureregulator: Natriumhydrogencarbonat, pflanzliche Fette (Raps) ganz gehärtet, Glukosesirup, Stärke, Trennmittel: Mono-und Diglyceride von Speisefettsäuren, Aromen, Rote-Beetesaft-Konzentrat, Farbstoffe: Carotine, echtes Karmin und Kurkumin.",1605,378,"1,6","1,6",87,70,0,0,https://www.edeka24.de/Lebensmittel/Suess-Salzig/Bonbons-Kaugummi/Frigeo-Ahoj-Brausebonbon-Stangen-69G.html,https://www.edeka24.de/out/pictures/generated/product/1/540_540_90/frigeo_ahoj_brausebonbon_stangen.jpg
2846,Lebensmittel,Süß & Salzig,Bonbons & Kaugummi,Werther's Original Salted Caramel Soft Eclair 180G,"1,79 €","9,94 €/kg","inkl. MwSt., zzgl. 4.95 € Versandkosten.",lieferbar innerhalb von 2-5 Werktagen,2023-05-03 01:35:14.812113,Sahnetoffees gefüllt mit einer Crème mit einer leichten Salznote (25%),Hinweis zur Aufbewahrung: Vor Wärme und Feuchtigkeit schützen.,"Verantwortliches Lebensmittelunternehmen:
August Storck KG, Waldstr. 27, 13403 Berlin","Zutatenverzeichnis: Zucker, Kakaobutter, MILCHPULVER, Kakaomasse, Reismehl, MILCHZUCKER, MAGERMILCHPULVER, Emulgator (SOJALECITHIN), GERSTENMALZEXTRAKT, Aroma. Kann SCHALENFRÜCHTE enthalten.",1928,460,"20,3","11,2",68,"43,2",3,"0,76",https://www.edeka24.de/Lebensmittel/Suess-Salzig/Bonbons-Kaugummi/Werther-s-Original-Salted-Caramel-Soft-Eclair-180G.html,https://www.edeka24.de/out/pictures/generated/product/1/540_540_90/werthers_original_salted_caramels_eclair_180g.jpg
2847,Lebensmittel,Süß & Salzig,Bonbons & Kaugummi,Wick Hustenbonbons Zitrone & Natürliches Menthol 72G,"1,89 €","26,25 €/kg","inkl. MwSt., zzgl. 4.95 € Versandkosten.",lieferbar innerhalb von 2-5 Werktagen,2023-05-03 01:35:19.380403,Hustenbonbons mit Zitronensaftkonzentrat und natürlichem Menthol. Mit Süßungsmitteln.,,"Verantwortliches Lebensmittelunternehmen:
Katjes Fassin GmbH + Co. KG, Dechant-Sprünken-Str. 53-57, 46446 Emmerich","Zutatenverzeichnis: Süßungsmittel (Isomalt, Acesulfam K, Sucralose), Säuerungsmittel Citronensäure, Zitronensaftkonzentrat (0,6%), natürliches Aroma, natürlicher Aromastoff Menthol aus Minze (0,06%), Farbstoff Beta-Carotin.",950,228,0,0,95,"0,5",0,0,https://www.edeka24.de/Lebensmittel/Suess-Salzig/Bonbons-Kaugummi/Wick-Hustenbonbons-Zitrone-Natuerliches-Menthol-72G.html,https://www.edeka24.de/out/pictures/generated/product/1/540_540_90/16030084k_tdrb_zitrone_72g_ps.jpg
2848,Lebensmittel,Süß & Salzig,Bonbons & Kaugummi,Nimm2 Soft+Cola 195G,"1,79 €","9,18 €/kg","inkl. MwSt., zzgl. 4.95 € Versandkosten.",lieferbar innerhalb von 2-5 Werktagen,2023-05-03 01:35:23.722971,Gefüllte Fruchtkaubonbons mit Vitaminen und Colageschmack,Hinweis zur Aufbewahrung: Vor Wärme und Feuchtigkeit schützen.,"Verantwortliches Lebensmittelunternehmen:
AUGUST STORCK KG Waldstr. 27, D-13403 Berlin","Zutatenverzeichnis: Zucker, Glukosesirup, Glukose-Fruktose-Sirup, Feuchthaltemittel Sorbitsirup, modifizierte Stärke, Palmfett, konzentrierte Fruchtsäfte 1,8%* (Traube, Orange, Limette, Zitrone, Kirsche, Erdbeere, Apfel), Säuerungsmittel Citronensäure, Vitamin C, Aromen, färbende Konzentrate (Schwarze Karotte, Spirulina), Niacin, Vitamin E, Farbstoff Zuckerkulör, Pantothensäure, Emulgator Polyoxyethylensorbitanmonostearat, färbender Kurkuma-Auszug, Vitamin B6, konzentrierter Rote Beete-Saft, Folsäure, Vitamin B12. *entspricht 7,5% Fruchtsaft",1589,375,"3,4",2,"87,4","58,3","0,1","0,03",https://www.edeka24.de/Lebensmittel/Suess-Salzig/Bonbons-Kaugummi/Nimm2-Soft-Cola-195G.html,https://www.edeka24.de/out/pictures/generated/product/1/540_540_90/nimm2_softcola_195g.jpg
2849,Lebensmittel,Süß & Salzig,Bonbons & Kaugummi,Sadex Brause-Stäbchen Minis 125G,"1,89 €","15,12 €/kg","inkl. MwSt., zzgl. 4.95 € Versandkosten.",lieferbar innerhalb von 2-5 Werktagen,2023-05-03 01:35:27.541846,Brause-Bonbons zum Essen,Hinweis zur Aufbewahrung: Bitte trocken lagern.,"Verantwortliches Lebensmittelunternehmen:
DOK Kindersüsüßwaren GmbH, Aspastraße 24, 59394 Nordkirchen","Zutatenverzeichnis: Zucker, Dextrose, Säuerungsmittel: Weinsäure, Säureregulator: Natriumhydrogencarbonat, Maisstärke, Gelatine, Emulgator: Mono- und Diglyceride von Speisefettsäuren, pflanzliches Fett (Palm, Kokos) ganz gehärtet, färbendes Lebensmittel: Rote Beete Saftkonzentrat, Trennmittel: Magnesiumsalze von Speisefettsäuren, Aroma, Fabstoffe: Zuckerkulör, Beta-Carotin, Kupferkomplexe der Chlorophylle und Chlorophylline.",1695,399,"1,7","1,7",95,88,"0,7","1,8",https://www.edeka24.de/Lebensmittel/Suess-Salzig/Bonbons-Kaugummi/Sadex-Brause-Staebchen-Minis-125G.html,https://www.edeka24.de/out/pictures/generated/product/1/540_540_90/sadexbraustb.jpg
2850,Lebensmittel,Süß & Salzig,Bonbons & Kaugummi,Em-Eukal Wildkirsche Hustenbonbons zuckerfrei 75G,"1,99 €","26,53 €/kg","inkl. MwSt., zzgl. 4.95 € Versandkosten.",lieferbar innerhalb von 2-5 Werktagen,2023-05-03 01:35:30.826212,Wildkirsche-Hustenbonbons mit Süßungsmitteln und Vitamin C,,"Verantwortliches Lebensmittelunternehmen:
Dr. C. Soldan GmbH, Dr.-Carl-Soldan-Platz 1, 91325 Adelsdorf, Deutschland","Zutatenverzeichnis: Süßungsmittel: Isomalt, Säuerungsmittel: Zitronensäure, natürliche Aromen, Kirschsaftkonzentrat 0,2 g/100 g**, Wildkirschrindenextrakt, Menthol, Eukalyptusöl, Süßungsmittel: Sucralose **entspricht 1% Fruchtsaftanteil. Kann bei übermäßigem Verzehr abführend wirken.",980,235,0,0,96,"0,5",0,0,https://www.edeka24.de/Lebensmittel/Suess-Salzig/Bonbons-Kaugummi/Em-Eukal-Wildkirsche-Hustenbonbons-zuckerfrei-75G.html,https://www.edeka24.de/out/pictures/generated/product/1/540_540_90/emeukalwildkirsche_p1.jpg
2851,Lebensmittel,Süß & Salzig,Bonbons & Kaugummi,Hitschies Hitschies Mermaid Mix 125G,"1,79 €","14,32 €/kg","inkl. MwSt., zzgl. 4.95 € Versandkosten.",lieferbar innerhalb von 2-5 Werktagen,2023-05-03 01:35:33.705628,Dragierte Kaubonbons mit Frucht und Waldmeistergeschmack,Hinweis zur Aufbewahrung: Wärmegeschützt und trocken lagern.,"Verantwortliches Lebensmittelunternehmen:
hitschler International GmbH & Co. KG 50855 Köln","Zutatenverzeichnis: Zucker, Glukosesirup, Palmfett, 5 % Fruchtsaft aus Fruchtsaftkonzentrat (Apfel, Pfirsich, Zitrone, Erdbeere, Himbeere), Gelatine*, Stabilisator: Gummi Arabicum; modifizierte Stärke, Dextrose, Säuerungsmittel: Milchsäure, Citronensäure; Aromen, Emulgator: Lecithine; Farbstoffe: Echtes Karmin, Kurkumin, Brillantblau FCF; Überzugsmittel: Carnaubawachs, Schellack, Bienenwachs weiß und gelb. *Rindergelatine",1692,400,"5,4","3,0",86,67,"1,4","0,07",https://www.edeka24.de/Lebensmittel/Suess-Salzig/Bonbons-Kaugummi/Hitschies-Hitschies-Mermaid-Mix-125G.html,https://www.edeka24.de/out/pictures/generated/product/1/540_540_90/hitschies_hitschies_mermaid_mix_125g.jpg
2852,Lebensmittel,Süß & Salzig,Bonbons & Kaugummi,Storck Vollmilch Brocken 315G,"1,99 €","6,32 €/kg","inkl. MwSt., zzgl. 4.95 € Versandkosten.",lieferbar innerhalb von 2-5 Werktagen,2023-05-03 01:35:36.291607,Karamellbonbons mit Vollmilchcreme (24%) gefüllt,Hinweis zur Aufbewahrung: Vor Wärme und Feuchtigkeit schützen!,"Verantwortliches Lebensmittelunternehmen:
August Storck KG, Waldstr. 27, D-13403 Berlin","Zutatenverzeichnis: Zucker, Glukosesirup, kondensierte MAGERMILCH (14,5%), Glukose-Fruktose-Sirup, BUTTERREINFETT (4,5%), Palmfett, MOLKENERZEUGNIS, Aromen.",408,1724,"8,1",5,"81,1","64,7","2,7","0,13",https://www.edeka24.de/Lebensmittel/Suess-Salzig/Bonbons-Kaugummi/Storck-Vollmilch-Brocken-315G.html,https://www.edeka24.de/out/pictures/generated/product/1/540_540_90/storck_vollmilch_brocken_315g.jpg
2853,Lebensmittel,Süß & Salzig,Bonbons & Kaugummi,tic tac Fresh Orange 100ST 49G,"1,69 €","34,49 €/kg","inkl. MwSt., zzgl. 4.95 € Versandkosten.",lieferbar innerhalb von 2-5 Werktagen,2023-05-03 01:35:38.695570,Dragee mit Orangengeschmack.,Hinweis zur Aufbewahrung: Kühl und trocken aufbewahren,"Verantwortliches Lebensmittelunternehmen:
Ferrero Deutschland GmbH, Hainer Weg 120, D-60599 Frankfurt am Main","Zutatenverzeichnis: Zucker, Maltodextrin, SäuerungsmittelL(+)-Weinsäure, Reisstärke, Aromen, Verdickungsmittel Gummi arabicum, Trennmittel Magnesiumsalze von Speisefettsäuren, Antioxidationsmittel Ascorbinsäure, Überzugsmittel Carnaubawachs.",400,1698,"0,7","0,7","96,7","93,3","0,1","0,028",https://www.edeka24.de/Lebensmittel/Suess-Salzig/Bonbons-Kaugummi/tic-tac-Fresh-Orange-100ST-49G.html,https://www.edeka24.de/out/pictures/generated/product/1/540_540_90/tic_tac_fresh_orange_100er_box.jpg
2854,Lebensmittel,Süß & Salzig,Bonbons & Kaugummi,Chupa Chups Maxi Bubble Gum 7ST 126G,"1,89 €","15,00 €/kg","inkl. MwSt., zzgl. 4.95 € Versandkosten.",lieferbar innerhalb von 2-5 Werktagen,2023-05-03 01:35:41.586440,Lutscher mit Kirschgeschmack und Kaugummifüllung,,"Verantwortliches Lebensmittelunternehmen:
Chupa Chups S.A.U., Polígono Sector Serra, c/ Les Masies nº16. 08635 Sant Esteve Sesrovires (BARCELONA), Spain / Spanien","Zutatenverzeichnis: Zucker, Glukosesirup, Kaumasse, Säuerungsmittel (Citronensäure, Äpfelsäure), Aromen, Konzentrate (schwarze Johannisbeere, Apfel, Radieschen, Karotte) Pflanzliches Öl (Kokos).",1535,361,"0,1","0,1",89,77,0,0,https://www.edeka24.de/Lebensmittel/Suess-Salzig/Bonbons-Kaugummi/Chupa-Chups-Maxi-Bubble-Gum-7ST-126G.html,https://www.edeka24.de/out/pictures/generated/product/1/540_540_90/ccbubblegum.jpg
2855,Lebensmittel,Süß & Salzig,Bonbons & Kaugummi,Em-Eukal Hustenbonbons klassisch zuckerfrei 75G,"1,99 €","26,53 €/kg","inkl. MwSt., zzgl. 4.95 € Versandkosten.",lieferbar innerhalb von 2-5 Werktagen,2023-05-03 01:35:44.941565,Hustenbonbons mit Süßungsmitteln,,"Verantwortliches Lebensmittelunternehmen:
Dr. C. Soldan GmbH, Dr.-Carl-Soldan-Platz 1, D-91325 Adelsdorf","Zutatenverzeichnis: Süßungsmittel: Isomalt, Menthol, Eukalyptusöl, Karamell, Süßungsmittel: Sucralose. Kann bei übermäßigem Verzehr abführend wirken.",982,236,0,0,98,"0,5",0,0,https://www.edeka24.de/Lebensmittel/Suess-Salzig/Bonbons-Kaugummi/Em-Eukal-Hustenbonbons-klassisch-zuckerfrei-75G.html,https://www.edeka24.de/out/pictures/generated/product/1/540_540_90/emeukalklassisch.jpg
2856,Lebensmittel,Süß & Salzig,Bonbons & Kaugummi,"Mentos Fanta Orange 3ST 112,5G","1,99 €","17,77 €/kg","inkl. MwSt., zzgl. 4.95 € Versandkosten.",lieferbar innerhalb von 2-5 Werktagen,2023-05-03 01:35:47.841861,Dragees mit Orangengeschmack,,"Verantwortliches Lebensmittelunternehmen:
Perfetti Van Melle Benelux B.V., P.O. Box 3000, 4800 DA Breda Holland","Zutatenverzeichnis: Zucker, Glukosesirup, Orangensaft aus Konzentrat (2%), Kokosöl, Säuerungsmittel (Citronensäure), Stärke, Aroma, Maltodextrin, Kakaobutter, Verdickungsmittel (Gellan, Cellulosegummi, Gummi arabicum), Emulgator (Zuckerester von Speisefettsäuren), Überzugsmittel (Carnaubawachs), Farbstoff (Beta-Carotin).",1646,388,"1,9","1,7",92,69,0,"0,1",https://www.edeka24.de/Lebensmittel/Suess-Salzig/Bonbons-Kaugummi/Mentos-Fanta-Orange-3ST-112-5G.html,https://www.edeka24.de/out/pictures/generated/product/1/540_540_90/mentos_fanta_orange_3x375g.jpg
2857,Lebensmittel,Süß & Salzig,Bonbons & Kaugummi,Maoam Joystixx 325G,"2,79 €","8,58 €/kg","inkl. MwSt., zzgl. 4.95 € Versandkosten.",lieferbar innerhalb von 2-5 Werktagen,2023-05-03 01:35:50.848409,"Kaubonbons, teilweise mit Cola-Geschmack",Hinweis zur Aufbewahrung: Vor Wärme und Feuchtigkeit schützen.,"Verantwortliches Lebensmittelunternehmen:
HARIBO GmbH & Co. KG, Hans-Riegel-Straße 1, D-53129 Bonn","Zutatenverzeichnis: Zucker, Glukosesirup, Palmfett, Feuchthaltemittel: Sorbitsirup, Gelatine, Säuerungsmittel: Citronensäure, Aroma.",394,1666,"6,4","3,2",84,60,1,"0,02",https://www.edeka24.de/Lebensmittel/Suess-Salzig/Bonbons-Kaugummi/Maoam-Joystixx-325G.html,https://www.edeka24.de/out/pictures/generated/product/1/540_540_90/maoam-joystixx-325g_preview.png
2858,Lebensmittel,Süß & Salzig,Bonbons & Kaugummi,Em-Eukal Ingwer- Orange Hustenbonbons zuckerfrei 75G,"1,99 €","26,53 €/kg","inkl. MwSt., zzgl. 4.95 € Versandkosten.",lieferbar innerhalb von 2-5 Werktagen,2023-05-03 01:35:53.380000,Hustenbonbons mit Süßungsmitteln und Vitamin C,,"Verantwortliches Lebensmittelunternehmen:
Dr. C. Soldan GmbH, Dr.-Carl-Soldan-Platz 1, 91325 Adelsdorf, Deutschland","Zutatenverzeichnis: Süßungsmittel: Isomalt, Säuerungsmittel Zitronensäure, Ingwer-Extrakt 1 %, natürliche Aromen, Vitamin C, gefärbt mit: Kürbis-, Apfel-, schwarze Johannisbeere- und Karottenkonzentrat, Orangenblütenöl 0,02 %, Orangensaftkonzentrat 0,02 %, Menthol, Süßungsmittel: Sucralose. Kann bei übermäßigem Verzehr abführend wirken.",986,237,0,0,97,"0,5",0,0,https://www.edeka24.de/Lebensmittel/Suess-Salzig/Bonbons-Kaugummi/Em-Eukal-Ingwer-Orange-Hustenbonbons-zuckerfrei-75G.html,https://www.edeka24.de/out/pictures/generated/product/1/540_540_90/emeukal_ingwer_orange_hustenbonbons_zuckerfrei.jpg
2859,Lebensmittel,Süß & Salzig,Bonbons & Kaugummi,Hitschies Hitschies Original Mix 150G,"1,89 €","12,60 €/kg","inkl. MwSt., zzgl. 4.95 € Versandkosten.",lieferbar innerhalb von 2-5 Werktagen,2023-05-03 01:35:55.927894,Dragierte Kaubonbons mit Fruchtgeschmack,Hinweis zur Aufbewahrung: Wärmegeschützt und trocken lagern.,"Verantwortliches Lebensmittelunternehmen:
hitschler International GmbH & Co. KG 50855 Köln","Zutatenverzeichnis: Zucker, Glukosesirup, Palmfett, 5% Fruchtsaft aus Fruchtsaftkonzentrat (Apfel, Pfirsich, Zitrone, Erdbeere, Himbeere), Gelatine*, Stabilisator: Gummi Arabicum; modifizierte Stärke, Säuerungsmittel: Milchsäure, Citronensäure; Aromen, Emulgator: Lecithine; Farbstoffe: Echtes Karmin, Kurkumin, Brillantblau FCF, Pflanzenkohle; Überzugsmittel: Carnaubawachs, Schellack, Bienenwachs weiß und gelb. *Rindergelatine",1692,400,"5,4","3,0",86,67,"1,4","0,07",https://www.edeka24.de/Lebensmittel/Suess-Salzig/Bonbons-Kaugummi/Hitschies-Hitschies-Original-Mix-150G.html,https://www.edeka24.de/out/pictures/generated/product/1/540_540_90/hitschies_hitschies_original_mix_150g.jpg
2860,Lebensmittel,Süß & Salzig,Bonbons & Kaugummi,Dextro Energy Schulstoff Minis Waldfrucht 50G,"1,09 €","21,80 €/kg","inkl. MwSt., zzgl. 4.95 € Versandkosten.",lieferbar innerhalb von 2-5 Werktagen,2023-05-03 01:35:58.973208,Energieliefernde Dextrosetäfelchen mit Waldfruchtgeschmack.,Hinweis zur Aufbewahrung: Trocken lagern.,"Verantwortliches Lebensmittelunternehmen:
Dextro Eneregy GmbH & Co. KG, Postfach 9239, 47749 Krefeld","Zutatenverzeichnis: Dextrose (83 %), Maltodextrin, Säuerungsmittel (Citronensäure), Säureregulator (Natriumhydrogencarbonat), Trennmittel (Magnesiumsalze der Speisefettsäuren), Aroma.",1517,357,"0,6","0,6",85,77,0,"1,6",https://www.edeka24.de/Lebensmittel/Suess-Salzig/Bonbons-Kaugummi/Dextro-Energy-Schulstoff-Minis-Waldfrucht-50G.html,https://www.edeka24.de/out/pictures/generated/product/1/540_540_90/dextro_energy_minis_waldfrucht_schulstoff_50g.jpg
2861,Lebensmittel,Süß & Salzig,Bonbons & Kaugummi,Frigeo Ahoj Brausepulver 10ST 58G,"0,99 €","17,07 €/kg","inkl. MwSt., zzgl. 4.95 € Versandkosten.",lieferbar innerhalb von 2-5 Werktagen,2023-05-03 01:36:02.045449,"Brause-Pulver zur Herstellung eines Erfrischungsgetränkes mit Zucker und Süßungsmitteln mit Himbeer-, Orangen-, Zitronen-, Waldmeister-Aroma",Hinweis zur Aufbewahrung: trocken aufbewahren,"Verantwortliches Lebensmittelunternehmen:
Frigeo Vertriebsgesellschaft mbH & Co. KG, Alfred-Klingele-Str. 48, D-73630 Remshalden","Zutatenverzeichnis: Zucker, Säuerungsmittel: L(+)-Weinsäure, Säureregulator: Natriumhydrogencarbonat, Süßungsmittel: Natriumcyclamat, Acesulfam-K und Saccharin-Natrium, Aromen, Farbstoffe Carotine, Beta-apo-8`Carotinal, Anthocyane und kupferhaltige Komplexe der Chlorophylline.",1380,324,g,g,67,67,g,"8,5",https://www.edeka24.de/Lebensmittel/Suess-Salzig/Bonbons-Kaugummi/Frigeo-Ahoj-Brausepulver-10ST-58G.html,https://www.edeka24.de/out/pictures/generated/product/1/540_540_90/frigeo_ahoj_brausepulver.jpg
2862,Lebensmittel,Süß & Salzig,Bonbons & Kaugummi,Em-Eukal Zitrone Hustenbonbons zuckerfrei 75G,"1,99 €","26,53 €/kg","inkl. MwSt., zzgl. 4.95 € Versandkosten.",lieferbar innerhalb von 2-5 Werktagen,2023-05-03 01:36:05.110402,Hustenbonbons mit Süßungsmitteln und Vitamin C,,"Verantwortliches Lebensmittelunternehmen:
Dr. C. Soldan GmbH, Dr.-Carl-Soldan-Platz 1, 91325 Adelsdorf, Deutschland","Zutatenverzeichnis: Süßungsmittel: Isomalt, Säuerungsmittel: Zitronensäure, Extrakt (Melisse, Schafgabe) 1,4 g/100 g, natürliches Aroma, Vitamin C, Kräuterextrakt 0,2 g/100 g, Zitronensaftkonzentrat 0,03 g/100 g, gefärbt mit: Curcumaextrakt, Menthol, Eukalyptusöl, Pfefferminzöl, Süßungsmittel: Sucralose. Kann bei übermäßigem Verzehr abführend wirken.",982,235,0,0,96,"0,5","0,03","0,12",https://www.edeka24.de/Lebensmittel/Suess-Salzig/Bonbons-Kaugummi/Em-Eukal-Zitrone-Hustenbonbons-zuckerfrei-75G.html,https://www.edeka24.de/out/pictures/generated/product/1/540_540_90/emeukal_zitrone_hustenbonbons_zuckerfrei.jpg
2863,Lebensmittel,Süß & Salzig,Bonbons & Kaugummi,Mentos Frucht 3ST 114G,"1,99 €","17,46 €/kg","inkl. MwSt., zzgl. 4.95 € Versandkosten.",lieferbar innerhalb von 2-5 Werktagen,2023-05-03 01:36:07.712061,Dragees mit Fruchtgeschmack.,,"Verantwortliches Lebensmittelunternehmen:
Perfetti Van Melle Benelux B.V., P.O. Box 3000, 4800 DA Breda, Holland","Zutatenverzeichnis: Zucker, Glukosesirup, Fruchtsäfte (Erdbeere, Orange, Zitrone) (2%), Kokosöl (ganz gehärtet), Säuerungsmittel (Citronensäure), Stärke, Aromen, Maltodextrin, Verdickungsmittel (Gellan, Cellulosegummi, Gummi arabicum), Emulgator (Zuckerester von Speisefettsäuren), Überzugsmittel (Carnaubawachs, Bienenwachs), Farbstoffe (Beta-Carotin, Betenrot).",1648,388,"1,9","1,9",92,69,0,"0,1",https://www.edeka24.de/Lebensmittel/Suess-Salzig/Bonbons-Kaugummi/Mentos-Frucht-3ST-114G.html,https://www.edeka24.de/out/pictures/generated/product/1/540_540_90/mentosfruit3erneu.jpg
2864,Lebensmittel,Süß & Salzig,Bonbons & Kaugummi,Em-eukal Immunstark Manuka-Honig 75G,"3,49 €","46,53 €/kg","inkl. MwSt., zzgl. 4.95 € Versandkosten.",lieferbar innerhalb von 2-5 Werktagen,2023-05-03 01:36:10.204448,Gefüllte Hustenbonbons mit Vitaminen.,"Hinweis zur Aufbewahrung: Lichtgeschützt, trocken und kühl lagern.","Verantwortliches Lebensmittelunternehmen:
Dr. C. Soldan GmbH, Dr.-Carl-Soldan-Platz 1, 91325 Adelsdorf","Zutatenverzeichnis: Zucker, Glukosesirup, Manuka-Honig 11 %; Vitamin C, Calcium-D-pantothenat, Vitamin B6, Folsäure, Vitamin B12, Kräuterextrakt, Pfefferminzöl, Menthol, Eukalyptusöl. Kann Spuren von GLUTEN enthalten.",1626,382,0,0,96,73,0,"1,9",https://www.edeka24.de/Lebensmittel/Suess-Salzig/Bonbons-Kaugummi/Em-eukal-Immunstark-Manuka-Honig-75G.html,https://www.edeka24.de/out/pictures/generated/product/1/540_540_90/emeukmanu.jpg
2865,Lebensmittel,Süß & Salzig,Bonbons & Kaugummi,Skittles Crazy Sours 160G,"1,59 €","9,94 €/kg","inkl. MwSt., zzgl. 4.95 € Versandkosten.",lieferbar innerhalb von 2-5 Werktagen,2023-05-03 01:36:13.206760,Kaubonbons in knuspriger Zuckerhülle mit saurem Fruchtgeschmack,Hinweis zur Aufbewahrung: Kühl und trocken aufbewahren.,"Verantwortliches Lebensmittelunternehmen:
Mars GmbH, 82004 Unterhaching","Zutatenverzeichnis: Zucker, Glukosesirup, Palmfett, Säuerungsmittel Citronensäure, Dextrin, Maltodextrin, Modifizierte Stärke, Aromen, Farbstoffe E163, E162, E170, E100, E132, E160A, E133; Säureregulator Trinatriumcitrat, Überzugsmittel Carnaubawachs, Konzentrate (Süsskartoffel, Rettich).",1681,396,4,"2,3","87,8","73,3",0,"0,02",https://www.edeka24.de/Lebensmittel/Suess-Salzig/Bonbons-Kaugummi/Skittles-Crazy-Sours-160G.html,https://www.edeka24.de/out/pictures/generated/product/1/540_540_90/skittles_crazy_sours_160g.jpg
2866,Lebensmittel,Süß & Salzig,Bonbons & Kaugummi,Ricola Kräuterzucker in der Dose 250G,"4,49 €","17,96 €/kg","inkl. MwSt., zzgl. 4.95 € Versandkosten.",lieferbar innerhalb von 2-5 Werktagen,2023-05-03 01:36:16.124505,Schweizer Kräuterbonbon,Hinweis zur Aufbewahrung: Vor Wärme und Feuchtigkeit geschützt aufbewahren.,"Verantwortliches Lebensmittelunternehmen:
Vertrieb für Deutschland: Klosterfrau, 50670 Köln","Zutatenverzeichnis: Zucker, Glukosesirup, Kräuterauszug (1%) aus Spitzwegerich, Eibisch, Pfefferminze, Thymian, Salbei, Frauenmantel, Holunderblüten, Schlüsselblume, Schafgarbe, Bibernelle, Ehrenpreis, Malve und Andorn, Farbstoff (Zuckerkulör), natürliches Minzenaroma, Menthol.",1670,400,0,0,98,76,0,0,https://www.edeka24.de/Lebensmittel/Suess-Salzig/Bonbons-Kaugummi/Ricola-Kraeuterzucker-in-der-Dose-250G.html,https://www.edeka24.de/out/pictures/generated/product/1/540_540_90/ricodose.jpg
2867,Lebensmittel,Süß & Salzig,Bonbons & Kaugummi,Böhme Fruchtkaramellen 250G,"1,79 €","7,16 €/kg","inkl. MwSt., zzgl. 4.95 € Versandkosten.",lieferbar innerhalb von 2-5 Werktagen,2023-05-03 01:36:19.296897,Fruchtkaramellen,Hinweis zur Aufbewahrung: Kühl und trocken lagern.,"Verantwortliches Lebensmittelunternehmen:
Delitzscher Schokoladenfabrik GmbH, Dübener Straße 33, 04509 Delitzsch","Zutatenverzeichnis: Zucker, Glukosesirup, Palmfett, Säuerungsmittel: Citronensäure, Gelatine, natürliches Aroma, Emulgator: Sonnenblumenlecithine. Hergestellt in einem Betrieb, der SCHALENFRÜCHTE (MANDELN, HASELNÜSSE), ERDNÜSSE, SOJA, MILCH- und GLUTENHALTIGE GETREIDEPRODUKTE (WEIZEN) verarbeitet.",1715,405,"5,8","4,7",88,63,"0,3","0,01",https://www.edeka24.de/Lebensmittel/Suess-Salzig/Bonbons-Kaugummi/Boehme-Fruchtkaramellen-250G.html,https://www.edeka24.de/out/pictures/generated/product/1/540_540_90/bamp246hme_fruchtkaramellen_250g.jpg
2868,Lebensmittel,Süß & Salzig,Bonbons & Kaugummi,Dallmann's Salbei-Bonbons ohne Zucker 37 g,"1,59 €","42,97 €/kg","inkl. MwSt., zzgl. 4.95 € Versandkosten.",lieferbar innerhalb von 2-5 Werktagen,2023-05-03 01:36:21.960612,Salbei-Bonbons zuckerfrei mit Vitamin C und mit Süßungsmittel,,"Verantwortliches Lebensmittelunternehmen:
Dallmann & Co. Fabrik pharmazeutischer Präparate GmbH, Johannes-Gutenberg-Straße 12-14 65719 Hofheim-Wallau","Zutatenverzeichnis: Süßungsmittel: Isomalt und Sucralose, 1,3% Salbeiextrakt, L-Ascorbinsäure (Vitamin C), natürliches Aroma, Säuerungsmittel: Citronensäure, Farbstoff E150c, kann bei übermäßigem Verzehr abführend wirken",239,993,0,0,98,"0,5",0,"0,11",https://www.edeka24.de/Lebensmittel/Suess-Salzig/Bonbons-Kaugummi/Dallmann-s-Salbei-Bonbons-ohne-Zucker-37-g.html,https://www.edeka24.de/out/pictures/generated/product/1/540_540_90/dallmann039s_salbeibonbons_ohne_zucker_37g.jpg
2869,Lebensmittel,Süß & Salzig,Bonbons & Kaugummi,Ricola Zitronenmelisse 75G,"2,29 €","30,53 €/kg","inkl. MwSt., zzgl. 4.95 € Versandkosten.",lieferbar innerhalb von 2-5 Werktagen,2023-05-03 01:36:24.543985,Schweizer Kräuterbonbon mit Süßungsmitteln,Hinweis zur Aufbewahrung: Vor Wärme und Feuchtigkeit geschützt aufbewahren.,"Verantwortliches Lebensmittelunternehmen:
Vertrieb für Deutschland: Klosterfrau, 50670 Köln","Zutatenverzeichnis: Isomalt, Säuerungsmittel (Citronensäure), Vitamin C, Kräuterauszug (0,3 %) aus Zitronenmelisse sowie Spitzwegerich, Eibisch, Pfefferminze, Thymian, Salbei, Frauenmantel, Schafgarbe, Bibernelle, Malve, Holunderblüten, Schlüsselblume, Ehrenpreis und Andorn, natürliches Zitrusaroma, Süßungsmittel (Aspartam, Acesulfam-K), natürliches Minzenaroma, Menthol, Farbstoff (Beta-Carotin). Enthält eine Phenylalaninquelle. Kann bei übermäßigem Verzehr abführend wirken.",986,237,0,0,97,0,0,0,https://www.edeka24.de/Lebensmittel/Suess-Salzig/Bonbons-Kaugummi/Ricola-Zitronenmelisse-75G.html,https://www.edeka24.de/out/pictures/generated/product/1/540_540_90/riczitrmel.jpg
2870,Lebensmittel,Süß & Salzig,Bonbons & Kaugummi,Wick Kirsche mit kühlendem Menthol ohne Zucker 46G,"1,49 €","32,39 €/kg","inkl. MwSt., zzgl. 4.95 € Versandkosten.",lieferbar innerhalb von 2-5 Werktagen,2023-05-03 01:36:27.060362,"Hustenbonbons mit Sauerkirschkonzentrat, Eukalyptusöl und Menthol. Mit Süßungsmitteln.",Hinweis zur Aufbewahrung: Kühl und trocken lagern.,"Verantwortliches Lebensmittelunternehmen:
Katjes Fassin GmbH & Co. KG, 46426 Emmerich",,987,237,0,0,98,"0,5",0,0,https://www.edeka24.de/Lebensmittel/Suess-Salzig/Bonbons-Kaugummi/Wick-Kirsche-mit-kuehlendem-Menthol-ohne-Zucker-46G.html,https://www.edeka24.de/out/pictures/generated/product/1/540_540_90/wickkirsche.jpg
2871,Lebensmittel,Süß & Salzig,Bonbons & Kaugummi,"Mentos Erdbeer-Mix 3ST 112,5G","1,99 €","17,69 €/kg","inkl. MwSt., zzgl. 4.95 € Versandkosten.",lieferbar innerhalb von 2-5 Werktagen,2023-05-03 01:36:30.104918,Dragees mit verschiedenen Erdbeer-Geschmacksrichtungen.,,"Verantwortliches Lebensmittelunternehmen:
Perfetti Van Melle Benelux B.V., P.O. Box 3000, 4800 DA Breda, Holland","Zutatenverzeichnis: Zucker, Glukosesirup, Erdbeersaft (2%), Kokosöl (ganz gehärtet), Säuerungsmittel (Citronensäure, Weinsäure), Stärke, Aromen, Maltodextrin, Verdickungsmittel (Gellan, Cellulosegummi, Gummi arabicum), Emulgator (Zuckerester von Speisefettsäuren), Überzugsmittel (Carnaubawachs, Bienenwachs), Farbstoffe (Echtes Karmin, Betenrot, Paprikaextrakt).",388,1647,"1,9","1,9",92,69,0,"0,1",https://www.edeka24.de/Lebensmittel/Suess-Salzig/Bonbons-Kaugummi/Mentos-Erdbeer-Mix-3ST-112-5G.html,https://www.edeka24.de/out/pictures/generated/product/1/540_540_90/mentos_erdbeer_mix_3er_1125g.jpg
2872,Lebensmittel,Süß & Salzig,Bonbons & Kaugummi,Hitschies Hitschies Saurer Apfel 140G,"1,89 €","13,50 €/kg","inkl. MwSt., zzgl. 4.95 € Versandkosten.",lieferbar innerhalb von 2-5 Werktagen,2023-05-03 01:36:33.026898,Dragierte Kaubonbons mit Apfelgeschmack - super sauer,Hinweis zur Aufbewahrung: Wärmegeschützt und trocken lagern.,"Verantwortliches Lebensmittelunternehmen:
hitschler International GmbH & Co. KG 50855 Köln","Zutatenverzeichnis: Zucker, Glukosesirup, Dextrose, Palmfett, 5% Fruchtsaft aus Fruchtsaftkonzentrat (Apfel, Pfirsich, Zitrone, Erdbeere, Himbeere), Gelatine*, Säuerungsmittel: Äpfelsäure, Milchsäure, Citronensäure; modifizierte Stärke, Stabilisator: Gummi Arabicum; Aroma, Emulgator: Lecithine; Farbstoffe: Kurkumin, Brillantblau FCF. *Rindergelatine",1701,400,"5,9","3,3",87,67,"1,5","0,07",https://www.edeka24.de/Lebensmittel/Suess-Salzig/Bonbons-Kaugummi/Hitschies-Hitschies-Saurer-Apfel-140G.html,https://www.edeka24.de/out/pictures/generated/product/1/540_540_90/hitschies_hitschies_saurer_apfel_140g.jpg
2873,Lebensmittel,Süß & Salzig,Bonbons & Kaugummi,Vivil CremeLife Himbeere zuckerfrei 110G,"2,29 €","20,82 €/kg","inkl. MwSt., zzgl. 4.95 € Versandkosten.",lieferbar innerhalb von 2-5 Werktagen,2023-05-03 01:36:36.114713,"Himbeer - Bonbons ohne Zucker, mit Süßungsmitteln",Hinweis zur Aufbewahrung: Kühl und trocken lagern.,"Verantwortliches Lebensmittelunternehmen:
VIVIL A. MÜLLER GMBH & CO. KG, Moltkestr. 33 77654 Offenburg Deutschland","Zutatenverzeichnis: Süßungsmittel: Isomalt, Maltitsirup: SCHLAGSAHNE (5,7%), Kokosfett, Säuerungsmittel: Milchsäure: Aromen, färbende Lebensmittel (Aronia, Karotte, Süßkartoffel), Emulgator: Lecithine (SOJA): Fruchtsaftkonzentrate: Holunder, schwarze Johannisbeere, Moosbeere, Brombeere, Erdbeere, Himbeere (<0,01%), Heidelbeere: Salz, Süßungsmittel: Acesulfam K.",1047,252,"1,8","1,2","97,2","0,2","0,3","0,2",https://www.edeka24.de/Lebensmittel/Suess-Salzig/Bonbons-Kaugummi/Vivil-CremeLife-Himbeere-zuckerfrei-110G.html,https://www.edeka24.de/out/pictures/generated/product/1/540_540_90/vivilclhimbeer.jpg
2874,Lebensmittel,Süß & Salzig,Bonbons & Kaugummi,Dextro Energy Classic 46G,"0,99 €","21,52 €/kg","inkl. MwSt., zzgl. 4.95 € Versandkosten.",lieferbar innerhalb von 2-5 Werktagen,2023-05-03 01:36:38.818154,Energieliefernde Dextrosetäfelchen,,"Verantwortliches Lebensmittelunternehmen:
Dextro Energy GmbH & Co. KG, Otto Hahn Str. 4, D-40670 Meerbusch","Zutatenverzeichnis: Dextrose (89 %), Maltodextrin, Trennmittel (Magnesiumsalze der Speisefettsäuren), Säuerungsmittel (Citronensäure), Aroma.",1562,368,1,1,90,82,0,"0,1",https://www.edeka24.de/Lebensmittel/Suess-Salzig/Bonbons-Kaugummi/Dextro-Energy-Classic-46G.html,https://www.edeka24.de/out/pictures/generated/product/1/540_540_90/dextro_energy_classic.jpg
2875,Lebensmittel,Süß & Salzig,Bonbons & Kaugummi,Dextro Energy Classic 3ST 138G,"2,29 €","16,59 €/kg","inkl. MwSt., zzgl. 4.95 € Versandkosten.",lieferbar innerhalb von 2-5 Werktagen,2023-05-03 01:36:41.350295,Energieliefernde Dextrosetäfelchen,,"Verantwortliches Lebensmittelunternehmen:
Dextro Energy GmbH & Co. KG, Otto Hahn Str. 4, D-40670 Meerbusch","Zutatenverzeichnis: Dextrose (89 %), Maltodextrin, Trennmittel (Magnesiumsalze der Speisefettsäuren), Säuerungsmittel (Citronensäure), Aroma.",1562,368,1,1,91,82,0,"0,1",https://www.edeka24.de/Lebensmittel/Suess-Salzig/Bonbons-Kaugummi/Dextro-Energy-Classic-3ST-138G.html,https://www.edeka24.de/out/pictures/generated/product/1/540_540_90/dextro_energy_classic_3er.jpg
2876,Lebensmittel,Süß & Salzig,Bonbons & Kaugummi,Dextro Energy Zitrone 3ST 138G,"2,29 €","16,59 €/kg","inkl. MwSt., zzgl. 4.95 € Versandkosten.",lieferbar innerhalb von 2-5 Werktagen,2023-05-03 01:36:43.903488,Energieliefernde Dextrosetäfelchen mit Zitronen-Geschmack und Vitamin C,,"Verantwortliches Lebensmittelunternehmen:
Dextro Energy GmbH & Co. KG, Otto Hahn Str. 4, D-40670 Meerbusch","Zutatenverzeichnis: Dextrose (88 %), Maltodextrin, Säuerungsmittel (Citronensäure), Trennmittel (Magnesiumsalze der Speisefettsäuren), Aroma, Vitamin C.",1560,367,1,1,90,81,0,"0,1",https://www.edeka24.de/Lebensmittel/Suess-Salzig/Bonbons-Kaugummi/Dextro-Energy-Zitrone-3ST-138G.html,https://www.edeka24.de/out/pictures/generated/product/1/540_540_90/dexenzitr.jpg
2877,Lebensmittel,Süß & Salzig,Bonbons & Kaugummi,Em-Eukal Salbei Hustenbonbons Zuckerfrei 75G,"1,99 €","26,53 €/kg","inkl. MwSt., zzgl. 4.95 € Versandkosten.",lieferbar innerhalb von 2-5 Werktagen,2023-05-03 01:36:47.928009,Salbei-Hustenbonbons mit Vitamin C,,"Verantwortliches Lebensmittelunternehmen:
Dr. C. Soldan GmbH, Dr.-Carl-Soldan-Platz 1, 91325 Adelsdorf, Deutschland","Zutatenverzeichnis: Süßungsmittel: Isomalt, Säuerungsmittel Zitronensäure, Vitamin C, Salbeiextrakt 1,2 g/ 100 g, gefärbt mit: Rote-Bete-Konzentrat, Salbeiöl 0,05 g/ 100 g, Zitronenöl, Süßungsmittel: Sucralose. Kann bei übermäßigem Verzehr abführend wirken.",989,237,0,0,96,"0,5",0,0,https://www.edeka24.de/Lebensmittel/Suess-Salzig/Bonbons-Kaugummi/Em-Eukal-Salbei-Hustenbonbons-Zuckerfrei-75G.html,https://www.edeka24.de/out/pictures/generated/product/1/540_540_90/emeukal_salbei_hustenbonbons_zuckerfrei.jpg
2878,Lebensmittel,Süß & Salzig,Bonbons & Kaugummi,"Mentos Rainbow 3ST 112,5G","1,99 €","17,69 €/kg","inkl. MwSt., zzgl. 4.95 € Versandkosten.",lieferbar innerhalb von 2-5 Werktagen,2023-05-03 01:36:50.855065,Dragees mit Fruchtgeschmack.,,"Verantwortliches Lebensmittelunternehmen:
Perfetti Van Melle Benelux B.V., P.O. Box 3000, 4800 DA Breda, Holland","Zutatenverzeichnis: Zucker, Glukosesirup, Kokosöl (ganz gehärtet), Säuerungsmittel (Citronensäure), Fruchtsäfte (Orange, Wassermelone, Ananas, Erdbeere, Apfel, Himbeere, Traube) (1%), Stärke, Geliermittel (Gummi arabicum), Aromen, Emulgator (Zuckerester von Speisefettsäuren), Verdickungsmittel (Gellan), Überzugsmittel (Carnaubawachs, Bienenwachs), Farbstoffe (Anthocyane, Zuckerkulör, Kurkumin, Echtes Karmin, Beta-Carotin, Betenrot).",388,1646,"1,9","1,9",92,69,0,"0,09",https://www.edeka24.de/Lebensmittel/Suess-Salzig/Bonbons-Kaugummi/Mentos-Rainbow-3ST-112-5G.html,https://www.edeka24.de/out/pictures/generated/product/1/540_540_90/mentos_rainbow.jpg
2879,Lebensmittel,Süß & Salzig,Bonbons & Kaugummi,Vivil CremeLife Latte Macchiato zuckerfrei 110G,"2,29 €","20,82 €/kg","inkl. MwSt., zzgl. 4.95 € Versandkosten.",lieferbar innerhalb von 2-5 Werktagen,2023-05-03 01:36:53.502231,"Kaffee - Bonbons ohne Zucker, mit Süßungsmitteln",Hinweis zur Aufbewahrung: Kühl und trocken lagern.,"Verantwortliches Lebensmittelunternehmen:
VIVIL A. MÜLLER GMBH & CO. KG, Moltkestr. 33 77654 Offenburg Deutschland","Zutatenverzeichnis: Süßungsmittel: Isomalt, Maltitsirup: SCHLAGSAHNE (6,4%), BUTTERREINFETT (1,9%), Kaffeeextrakt (1,5%), Aromen, Aroma (enthält Koffein), Karamellzuckersirup, Emulgator: Lecithine (SOJA): Salz, Süßungsmittel: Acesulfam K.",1048,252,"4,1","2,9","89,1","0,2","0,2","0,2",https://www.edeka24.de/Lebensmittel/Suess-Salzig/Bonbons-Kaugummi/Vivil-CremeLife-Latte-Macchiato-zuckerfrei-110G.html,https://www.edeka24.de/out/pictures/generated/product/1/540_540_90/vivil_cremelife_latte_macchiato_zuckerfrei_110g.jpg
2880,Lebensmittel,Süß & Salzig,Bonbons & Kaugummi,Vivil CremeLife Erdbeere zuckerfrei 110G,"2,29 €","20,82 €/kg","inkl. MwSt., zzgl. 4.95 € Versandkosten.",lieferbar innerhalb von 2-5 Werktagen,2023-05-03 01:36:55.996202,"Erdbeer - Bonbons ohne Zucker, mit Süßungsmitteln",Hinweis zur Aufbewahrung: Kühl und trocken lagern.,"Verantwortliches Lebensmittelunternehmen:
VIVIL A. MÜLLER GMBH & CO. KG, Moltkestr. 33 77654 Offenburg Deutschland","Zutatenverzeichnis: Süßungsmittel: Isomalt, Maltitsirup: SCHLAGSAHNE (5,7%), Kokosfett, Säuerungsmittel: Milchsäure, Äpfelsäure: Aromen, Fruchtsaftkonzentrat: Erdbeere (0,3%): färbende Lebensmittel (Aronia, Karotte und Süßkartoffel): Emulgator:Lecithine (SOJA): Salz, Süßungsmittel: Acesulfam K.",1150,277,"5,9","4,8","92,6","0,3","0,2","0,21",https://www.edeka24.de/Lebensmittel/Suess-Salzig/Bonbons-Kaugummi/Vivil-CremeLife-Erdbeere-zuckerfrei-110G.html,https://www.edeka24.de/out/pictures/generated/product/1/540_540_90/vivilclerdbeer.jpg
2881,Lebensmittel,Süß & Salzig,Fruchtgummi & Lakritz,Haribo Tropifrutti 175G,"1,19 €","6,80 €/kg","inkl. MwSt., zzgl. 4.95 € Versandkosten.",lieferbar innerhalb von 2-5 Werktagen,2023-05-03 01:36:58.537994,Fruchtgummi,Hinweis zur Aufbewahrung: Vor Wärme und Feuchtigkeit schützen.,"Verantwortliches Lebensmittelunternehmen:
Haribo GmbH & Co. KG, 53105 Bonn","Zutatenverzeichnis: Zucker; Glukosesirup; Wasser; Gelatine; Säuerungsmittel: Citronensäure; Sonnenblumenöl; Frucht- und Pflanzenkonzentrate: Saflor, Spirulina, Apfel, Karotte, Heidelbeere, Holunderbeere, Schwarze Johannisbeere, Orange, Kiwi, Zitrone, Aronia, Mango, Traube, Passionsfrucht; Aroma; Holunderbeerextrakt; Überzugsmittel: Bienenwachs weiß und gelb; Karamellsirup. Kann Spuren von MILCH, WEIZEN enthalten.",1482,349,"0,5","0,1",82,63,"4,5","0,03",https://www.edeka24.de/Lebensmittel/Suess-Salzig/Fruchtgummi-Lakritz/Haribo-Tropifrutti-175G.html,https://www.edeka24.de/out/pictures/generated/product/1/540_540_90/haribo_tropifrutti_175g.jpg
2882,Lebensmittel,Süß & Salzig,Fruchtgummi & Lakritz,Haribo Primavera Erdbeeren 175G,"1,09 €","6,23 €/kg","inkl. MwSt., zzgl. 4.95 € Versandkosten.",lieferbar innerhalb von 2-5 Werktagen,2023-05-03 01:37:01.398291,Haribo,Hinweis zur Aufbewahrung: Vor Wärme und Feuchtigkeit schützen.,"Verantwortliches Lebensmittelunternehmen:
Haribo GmbH & Co. KG, 53105 Bonn","Zutatenverzeichnis: Zucker; Glukosesirup; Gelatine; Säuerungsmittel: Citronensäure; Frucht- und Pflanzenkonzentrate: Rettich, Karotte; Aroma. Kann Spuren von MILCH, WEIZEN enthalten.",1603,377,"<0,5","<0,1",91,77,"2,9","0,03",https://www.edeka24.de/Lebensmittel/Suess-Salzig/Fruchtgummi-Lakritz/Haribo-Primavera-Erdbeeren-175G.html,https://www.edeka24.de/out/pictures/generated/product/1/540_540_90/hariboprimavera(1).jpg
2883,Lebensmittel,Süß & Salzig,Fruchtgummi & Lakritz,Haribo Happy Cola Sauer 175G,"1,09 €","6,23 €/kg","inkl. MwSt., zzgl. 4.95 € Versandkosten.",lieferbar innerhalb von 2-5 Werktagen,2023-05-03 01:37:04.306511,Haribo,Hinweis zur Aufbewahrung: Vor Wärme und Feuchtigkeit schützen.,"Verantwortliches Lebensmittelunternehmen:
Haribo GmbH & Co. KG, 53105 Bonn","Zutatenverzeichnis: Glukosesirup; Zucker; Stärke; Gelatine; Säuerungsmittel: Citronensäure, Äpfelsäure; Säureregulatoren: Natriumhydrogenmalat, Tricalciumcitrat; Karamellsirup; Aroma; Überzugsmittel: Carnaubawachs. Kann Spuren von MILCH, WEIZEN enthalten.",1481,348,"<0,5","<0,1",82,63,"3,5","0,21",https://www.edeka24.de/Lebensmittel/Suess-Salzig/Fruchtgummi-Lakritz/Haribo-Happy-Cola-Sauer-175G.html,https://www.edeka24.de/out/pictures/generated/product/1/540_540_90/haribo_happy_cola_sauer_175g.jpg
2884,Lebensmittel,Süß & Salzig,Fruchtgummi & Lakritz,Haribo Lakritz Schnecken 175G,"1,19 €","6,80 €/kg","inkl. MwSt., zzgl. 4.95 € Versandkosten.",lieferbar innerhalb von 2-5 Werktagen,2023-05-03 01:37:07.382375,Lakritz,,"Verantwortliches Lebensmittelunternehmen:
Haribo GmbH & Co. KG, 53105 Bonn",Zutatenverzeichnis: Brauner Zuckersirup; WEIZENMEHL; Glukosesirup; Stärke; Süßholzextrakt (3 %); Kochsalz; Aroma; Säuerungsmittel: Citronensäure; Überzugsmittel: Bienenwachs weiß und gelb; Sonnenblumenöl. Kann Spuren von MILCH enthalten.,1382,327,"0,5","0,1",76,42,"3,3","1,2",https://www.edeka24.de/Lebensmittel/Suess-Salzig/Fruchtgummi-Lakritz/Haribo-Lakritz-Schnecken-175G.html,https://www.edeka24.de/out/pictures/generated/product/1/540_540_90/haribo_lakritz_schnecken_175g.jpg
2885,Lebensmittel,Süß & Salzig,Fruchtgummi & Lakritz,Haribo Konfekt 175G,"1,09 €","6,23 €/kg","inkl. MwSt., zzgl. 4.95 € Versandkosten.",lieferbar innerhalb von 2-5 Werktagen,2023-05-03 01:37:10.183404,Lakritz-Konfekt,Hinweis zur Aufbewahrung: Vor Wärme und Feuchtigkeit schützen.,"Verantwortliches Lebensmittelunternehmen:
Haribo GmbH & Co. KG, 53105 Bonn","Zutatenverzeichnis: Zucker; brauner Zuckersirup; Glukosesirup; WEIZENMEHL; MILCHZUCKER; Stärke; Dextrose; Palmfett; Kokosraspeln (7,5% bei den weißen und orangen Konfektstücken); MAGERMILCHPULVER; Süßholzextrakt (3% bezogen auf den Lakritzanteil); fettarmes Kakaopulver; Gelatine; Aroma; Kochsalz; Frucht- und Pflanzenkonzentrate: Apfel, Rote Beete, Karotte, Paprika, Saflor, Kürbis, Tomate; Karamellsirup; Säuerungsmittel: Citronensäure; Überzugsmittel: Bienenwachs weiß und gelb, Carnaubawachs; Sonnenblumenöl.",1622,383,"6,5","4,0",78,60,"2,8","0,52",https://www.edeka24.de/Lebensmittel/Suess-Salzig/Fruchtgummi-Lakritz/Haribo-Konfekt-175G.html,https://www.edeka24.de/out/pictures/generated/product/1/540_540_90/haribo_konfekt_175g.jpg
2886,Lebensmittel,Süß & Salzig,Fruchtgummi & Lakritz,Haribo Happy Cola 175G,"1,19 €","6,80 €/kg","inkl. MwSt., zzgl. 4.95 € Versandkosten.",lieferbar innerhalb von 2-5 Werktagen,2023-05-03 01:37:13.309683,Fruchtgummi mit Cola-Geschmack,Hinweis zur Aufbewahrung: Vor Wärme und Feuchtigkeit schützen.,"Verantwortliches Lebensmittelunternehmen:
Haribo GmbH & Co. KG, 53105 Bonn","Zutatenverzeichnis: Glukosesirup; Zucker; Gelatine; Dextrose; Säuerungsmittel: Citronensäure; Karamellsirup; Aroma; Sonnenblumenöl; Überzugsmittel: Bienenwachs weiß und gelb. Kann Spuren von MILCH, WEIZEN enthalten.",1459,343,"0,5","0,1",77,46,"6,9","0,07",https://www.edeka24.de/Lebensmittel/Suess-Salzig/Fruchtgummi-Lakritz/Haribo-Happy-Cola-175G.html,https://www.edeka24.de/out/pictures/generated/product/1/540_540_90/haribo_happy_cola_175g.jpg
2887,Lebensmittel,Süß & Salzig,Fruchtgummi & Lakritz,Haribo Goldbären 175G,"1,19 €","6,80 €/kg","inkl. MwSt., zzgl. 4.95 € Versandkosten.",lieferbar innerhalb von 2-5 Werktagen,2023-05-03 01:37:15.902071,Fruchtgummi,Hinweis zur Aufbewahrung: Vor Wärme und Feuchtigkeit schützen.,"Verantwortliches Lebensmittelunternehmen:
Haribo GmbH & Co. KG, 53105 Bonn","Zutatenverzeichnis: Glukosesirup; Zucker; Gelatine; Dextrose; Fruchtsaft aus Fruchtsaftkonzentrat: Apfel, Himbeere, Erdbeere, Orange, Zitrone, Ananas; Säuerungsmittel: Citronensäure; Sonnenblumenöl; Frucht- und Pflanzenkonzentrate: Saflor, Spirulina, Apfel, Holunderbeere, Orange, Schwarze Johannisbeere, Kiwi, Zitrone, Aronia, Mango, Traube, Passionsfrucht; Aroma; Holunderbeerextrakt; Überzugsmittel: Bienenwachs weiß und gelb. Kann Spuren von MILCH, WEIZEN enthalten.",1459,343,"0,5","0,1",77,46,"6,9","0,07",https://www.edeka24.de/Lebensmittel/Suess-Salzig/Fruchtgummi-Lakritz/Haribo-Goldbaeren-175G.html,https://www.edeka24.de/out/pictures/generated/product/1/540_540_90/haribo_goldbamp228ren_175g.jpg
2888,Lebensmittel,Süß & Salzig,Fruchtgummi & Lakritz,Haribo Color-Rado 175G,"1,19 €","6,80 €/kg","inkl. MwSt., zzgl. 4.95 € Versandkosten.",lieferbar innerhalb von 2-5 Werktagen,2023-05-03 01:37:18.994645,Süßwaren-Mischung mit Lakritz,Hinweis zur Aufbewahrung: Vor Wärme und Feuchtigkeit schützen.,"Verantwortliches Lebensmittelunternehmen:
Haribo GmbH & Co. KG, 53105 Bonn","Zutatenverzeichnis: Glukosesirup; Zucker; brauner Zuckersirup; WEIZENMEHL; Dextrose; Gelatine; MILCHZUCKER; Stärke; Palmfett; Kokosraspeln; Säuerungsmittel: Citronensäure; Süßholzextrakt (3 % bezogen auf den Lakritzanteil); MAGERMILCHPULVER; Fruchtsaft aus Fruchtsaftkonzentrat: Apfel, Zitrone, Himbeere, Erdbeere, Orange, Ananas; fettarmes Kakaopulver; Aroma; Kochsalz; Frucht- und Pflanzenkonzentrate: Saflor, Karotte, Apfel, Rote Beete, Spirulina, Paprika, Holunderbeere, Schwarze Johannisbeere, Orange, Zitrone, Kürbis, Tomate, Hibiskus, Kiwi, Aronia, Traube, Mango, Passionsfrucht; Sonnenblumenöl; Karamellsirup; Holunderbeerextrakt; Geliermittel: Agar-Agar; Überzugsmittel: Bienenwachs weiß und gelb; Trennmittel: Talkum.",1518,358,"2,2","1,4",79,55,"4,3","0,26",https://www.edeka24.de/Lebensmittel/Suess-Salzig/Fruchtgummi-Lakritz/Haribo-Color-Rado-175G.html,https://www.edeka24.de/out/pictures/generated/product/1/540_540_90/haribo_colorrado_175g.jpg
2889,Lebensmittel,Süß & Salzig,Fruchtgummi & Lakritz,Katjes Family Drakritze 275G,"1,09 €","3,96 €/kg","inkl. MwSt., zzgl. 4.95 € Versandkosten.",lieferbar innerhalb von 2-5 Werktagen,2023-05-03 01:37:21.991169,Mischung aus Fruchtgummi uns Lakritze,,"Verantwortliches Lebensmittelunternehmen:
Katjes Fassin GmbH & Co. KG, 46426 Emmerich","Zutatenverzeichnis: Glukosesirup, Zucker, modifizierte Stärke, Glukose-Fruktose-Sirup, 3,4 % Süßholzsaft, brauner Zuckersirup, Säuerungsmittel (Citronensäure, Äpfelsäure, Milchsäure), Aromen, färbende Frucht- und Pflanzenkonzentrate (schwarze Karotte, Rettich, Apfel, Saflor, Zitrone, schwarze Johannisbeere), färbendes Spirulinakonzentrat Sonnenblumenöl, Überzugsmittel: Carnaubawachs.",1468,346,"0,2","0,1",85,59,"0,2","0,04",https://www.edeka24.de/Lebensmittel/Suess-Salzig/Fruchtgummi-Lakritz/Katjes-Family-Drakritze-275G.html,https://www.edeka24.de/out/pictures/generated/product/1/540_540_90/katjesdrakritz.jpg
2890,Lebensmittel,Süß & Salzig,Fruchtgummi & Lakritz,Haribo Pasta Frutta sauer 160G,"1,19 €","7,44 €/kg","inkl. MwSt., zzgl. 4.95 € Versandkosten.",lieferbar innerhalb von 2-5 Werktagen,2023-05-03 01:37:24.936177,Fruchtgummi,Hinweis zur Aufbewahrung: Vor Wärme und Feuchtigkeit schützen.,"Verantwortliches Lebensmittelunternehmen:
Haribo GmbH & Co. KG, 53105 Bonn","Zutatenverzeichnis: Zucker; Glukosesirup; Stärke; Feuchthaltemittel: Sorbitsirup; WEIZENMEHL; Säuerungsmittel: Citronensäure, Äpfelsäure; Emulgator: Mono- und Diglyceride von Speisefettsäuren; Aroma; Säureregulator: Natriumhydrogenmalat; Holunderbeerextrakt; Frucht- und Pflanzenkonzentrate: Schwarze Johannisbeere, Holunderbeere, Aronia, Traube; Farbstoffe: Kurkumin, Kupferkomplexe der Chlorophylline. Kann Spuren von MILCH enthalten.",1531,361,"1,3","1,2",86,54,"0,9","0,07",https://www.edeka24.de/Lebensmittel/Suess-Salzig/Fruchtgummi-Lakritz/Haribo-Pasta-Frutta-sauer-160G.html,https://www.edeka24.de/out/pictures/generated/product/1/540_540_90/haribo_pasta_frutta_160g.jpg
2891,Lebensmittel,Süß & Salzig,Fruchtgummi & Lakritz,Haribo Pfirsiche 175G,"1,19 €","6,80 €/kg","inkl. MwSt., zzgl. 4.95 € Versandkosten.",lieferbar innerhalb von 2-5 Werktagen,2023-05-03 01:37:27.463578,Fruchtgummi,Hinweis zur Aufbewahrung: Vor Wärme und Feuchtigkeit schützen.,"Verantwortliches Lebensmittelunternehmen:
Haribo GmbH & Co. KG, 53105 Bonn","Zutatenverzeichnis: Zucker; Glukosesirup; Wasser; Gelatine; Säuerungsmittel: Citronensäure, Fumarsäure; Frucht- und Pflanzenkonzentrate: Saflor, Holunderbeere, Schwarze Johannisbeere, Orange, Zitrone, Mango, Passionsfrucht, Aronia, Traube; Holunderbeerextrakt; Aroma. Kann Spuren von MILCH, WEIZEN enthalten.",1482,349,"0,5","0,1",82,63,"4,5","0,03",https://www.edeka24.de/Lebensmittel/Suess-Salzig/Fruchtgummi-Lakritz/Haribo-Pfirsiche-175G.html,https://www.edeka24.de/out/pictures/generated/product/1/540_540_90/haribo_pfirsiche_175g.jpg
2892,Lebensmittel,Süß & Salzig,Fruchtgummi & Lakritz,Katjes Salzige Heringe 200G,"1,19 €","5,95 €/kg","inkl. MwSt., zzgl. 4.95 € Versandkosten.",lieferbar innerhalb von 2-5 Werktagen,2023-05-03 01:37:30.304818,Lakritz,,"Verantwortliches Lebensmittelunternehmen:
Katjes Fassin GmbH + Co. KG, Dechant-Sprünken-Str. 53-57, 46446 Emmerich","Zutatenverzeichnis: Zucker, Glukosesirup, modifizierte Stärke, 6% Süßholzsaft, Glukose-Fruktose-Sirup, brauner Zuckersirup, 2% Salmiaksalz, Aroma, Maltodextrin. Kann Spuren von MILCH enthalten.",1468,345,"0,1",0,86,55,"0,3","0,08",https://www.edeka24.de/Lebensmittel/Suess-Salzig/Fruchtgummi-Lakritz/Katjes-Salzige-Heringe-200G.html,https://www.edeka24.de/out/pictures/generated/product/1/540_540_90/katjessalzheringe.jpg
2893,Lebensmittel,Süß & Salzig,Fruchtgummi & Lakritz,nimm2 Lachgummi Softies Joghurt 225G,"1,29 €","5,73 €/kg","inkl. MwSt., zzgl. 4.95 € Versandkosten.",lieferbar innerhalb von 2-5 Werktagen,2023-05-03 01:37:33.094219,"Weiche, gefüllte Fruchtgummis mit Vitaminen und Magermilchjoghurt",,"Verantwortliches Lebensmittelunternehmen:
AUGUST STORCK KG, Waldstr. 27, D-13403 Berlin","Zutatenverzeichnis: Glukosesirup, Zucker, Fruchtsaft (22%) aus Fruchtsaftkonzentrat (Traube, Holunder), MAGERMILCHJOGHURTPULVER (5,5%), Gelatine, Säuerungsmittel (Citronensäure, Milchsäure), Geliermittel Pektin, Aromen, hydrolysiertes MILCHEIWEIß, färbende Konzentrate (Schwarze Karotte, Spirulina), Niacin, Vitamin E, Pantothensäure, färbender Kurkuma-Auszug, Vitamin B6, Biotin, Vitamin B12, Überzugsmittel (Carnaubawachs, Bienenwachs, weiß und gelb).",1405,331,"0,2","0,2","75,7","55,9",5,"0,22",https://www.edeka24.de/Lebensmittel/Suess-Salzig/Fruchtgummi-Lakritz/nimm2-Lachgummi-Softies-Joghurt-225G.html,https://www.edeka24.de/out/pictures/generated/product/1/540_540_90/nimm2_lachgumsoftie_jogu225g.jpg
2894,Lebensmittel,Süß & Salzig,Fruchtgummi & Lakritz,Katjes Family Wine Gums 275G,"1,09 €","3,96 €/kg","inkl. MwSt., zzgl. 4.95 € Versandkosten.",lieferbar innerhalb von 2-5 Werktagen,2023-05-03 01:37:36.146777,Fruchtgummi nach englischer Art,,"Verantwortliches Lebensmittelunternehmen:
Katjes Fassin GmbH & Co. KG, 46426 Emmerich","Zutatenverzeichnis: Zucker, Glukosesirup, modifizierte Stärke, Glukose-Fruktose-Sirup, Säuerungsmittel (Citronensäure, Äpfelsäure, Milchsäure, färbende Frucht- und Pflanzenkonzentrate (rote Traube, Schwarze Karotte, Saflor, Zitrone, Apfel, schwarze Johannisbeere), Aromen, färbendes Spirulinakonzentrat, Sonnenblumenöl, Überzugsmittel: Carnaubawachs.",1476,347,"0,2","0,1",85,57,"0,1","0,06",https://www.edeka24.de/Lebensmittel/Suess-Salzig/Fruchtgummi-Lakritz/Katjes-Family-Wine-Gums-275G.html,https://www.edeka24.de/out/pictures/generated/product/1/540_540_90/katjes_family_wine_gums_275g.jpg
2895,Lebensmittel,Süß & Salzig,Fruchtgummi & Lakritz,nimm2 Lachgummi Milchbubi 225G,"1,29 €","5,73 €/kg","inkl. MwSt., zzgl. 4.95 € Versandkosten.",lieferbar innerhalb von 2-5 Werktagen,2023-05-03 01:37:39.192592,Fruchtgummi mit Vitaminen und Magermilch,,"Verantwortliches Lebensmittelunternehmen:
AUGUST STORCK KG, Waldstr. 27, D-13403 Berlin","Zutatenverzeichnis: Glukosesirup, Zucker, MAGERMILCHPULVER (5,5%), Gelatine, Fruchtsaft (5%) aus Fruchtsaftkonzentrat (Traube, Holunder), Säuerungsmittel (Citronensäure, Milchsäure), Geliermittel Pektin, Aromen, hydrolysiertes MILCHEIWEIß, Niacin, Vitamin E, Pantothensäure, färbende Konzentrate (Schwarze Karotte, Spirulina), Vitamin B6, färbender Kurkuma-Auszug, Biotin, Vitamin B12, Überzugsmittel (Carnaubawachs, Bienenwachs, weiß und gelb).",1390,327,"0,2","0,2","73,3","52,3","6,8","0,24",https://www.edeka24.de/Lebensmittel/Suess-Salzig/Fruchtgummi-Lakritz/nimm2-Lachgummi-Milchbubi-225G.html,https://www.edeka24.de/out/pictures/generated/product/1/540_540_90/nimm2_lachgummi_milchbubi_225g.jpg
2896,Lebensmittel,Süß & Salzig,Fruchtgummi & Lakritz,Hitschler Bunte Drachenzungen 125G,"1,09 €","8,72 €/kg","inkl. MwSt., zzgl. 4.95 € Versandkosten.",lieferbar innerhalb von 2-5 Werktagen,2023-05-03 01:37:41.795358,Saurer Fruchtgummi in 4 Geschmacksrichtungen,Hinweis zur Aufbewahrung: Wärmegeschützt und trocken lagern.,"Verantwortliches Lebensmittelunternehmen:
Hitschler International GmbH & Co. KG, Aachener Str. 1042, 50858 Köln","Zutatenverzeichnis: Zucker, Glucose-Fructose-Sirup, WEIZENMEHL, Säuerungsmittel: Äpfelsäure, Citronensäure; Dextrose, Pflanzliches Öl (Palme), natürliches Aroma, Fruchtextrakt: Apfel, Pflanzenextrakte: Kürbis, Tomate,Radieschen, Karotte, Hibiskus, Saflor, Spirulina, Süßkartoffel, Antioxidationsmittel: Ascorbinsäure, E306.",1565,369,"2,2","1,2",82,64,"2,3","0,1",https://www.edeka24.de/Lebensmittel/Suess-Salzig/Fruchtgummi-Lakritz/Hitschler-Bunte-Drachenzungen-125G.html,https://www.edeka24.de/out/pictures/generated/product/1/540_540_90/hitschlerbuntedrachenzungen.jpg
2897,Lebensmittel,Süß & Salzig,Fruchtgummi & Lakritz,Haribo Wine Gums 175G,"1,19 €","6,80 €/kg","inkl. MwSt., zzgl. 4.95 € Versandkosten.",lieferbar innerhalb von 2-5 Werktagen,2023-05-03 01:37:44.548682,Englisches Weingummi,Hinweis zur Aufbewahrung: Vor Wärme und Feuchtigkeit schützen.,"Verantwortliches Lebensmittelunternehmen:
Haribo GmbH & Co. KG, 53105 Bonn","Zutatenverzeichnis: Glukosesirup; Zucker; Stärke; Gelatine; Säuerungsmittel: Äpfelsäure, Essigsäure; Sonnenblumenöl; Frucht- und Pflanzenkonzentrate: Saflor, Spirulina, Apfel, Holunderbeere, Orange, Schwarze Johannisbeere, Kiwi, Zitrone, Mango, Passionsfrucht, Aronia, Traube; Aroma; Holunderbeerextrakt; Überzugsmittel: Bienenwachs weiß und gelb; Farbstoff: Pflanzenkohle; Karamellsirup. Kann Spuren von MILCH, WEIZEN enthalten.",1392,328,"0,5","0,1",75,44,"4,3","0,02",https://www.edeka24.de/Lebensmittel/Suess-Salzig/Fruchtgummi-Lakritz/Haribo-Wine-Gums-175G.html,https://www.edeka24.de/out/pictures/generated/product/1/540_540_90/haribo_wine_gums_175g.jpg
2898,Lebensmittel,Süß & Salzig,Fruchtgummi & Lakritz,Trolli Haifische 200G,"1,09 €","5,45 €/kg","inkl. MwSt., zzgl. 4.95 € Versandkosten.",lieferbar innerhalb von 2-5 Werktagen,2023-05-03 01:37:46.943413,Schaumzucker Gummibonbon,Hinweis zur Aufbewahrung: Vor Wärme und Feuchtigkeit schützen,"Verantwortliches Lebensmittelunternehmen:
Trolli GmbH, Oststr. 94, 90763 Fürth","Zutatenverzeichnis: Glukosesirup, Zucker, Gelatine, Säuerungsmittel: Citronensäure, Milchsäure, Feuchthaltemittel: Sorbit, färbende Lebensmittel (Süßkartoffel, Rettich, Apfel, Saflor, Spirulina), Aromen, Palmkernöl, Überzugsmittel: Bienenwachs, weiß und gelb, Carnaubawachs.",337,1431,"0,1","0,1",78,48,"5,1","0,2",https://www.edeka24.de/Lebensmittel/Suess-Salzig/Fruchtgummi-Lakritz/Trolli-Haifische-200G.html,https://www.edeka24.de/out/pictures/generated/product/1/540_540_90/trolli_haifische_200g.jpg
2899,Lebensmittel,Süß & Salzig,Fruchtgummi & Lakritz,nimm2 Lachgummi Sauer 250G,"1,29 €","5,16 €/kg","inkl. MwSt., zzgl. 4.95 € Versandkosten.",lieferbar innerhalb von 2-5 Werktagen,2023-05-03 01:37:51.512476,Fruchtgummi mit Vitaminen,Hinweis zur Aufbewahrung: Vor Wärme und Feuchtigkeit schützen.,"Verantwortliches Lebensmittelunternehmen:
August Storck KG, Waldstr. 27, D-13403 Berlin","Zutatenverzeichnis: Zucker, Glukosesirup, Fruchtsaft (5%) aus Fruchtsaftkonzentrat (Traube, Holunder), Gelatine, Säuerungsmittel (Äpfelsäure, Milchsäure, Citronensäure), modifizierte Stärke, Feuchthaltemittel Sorbitsirup, Säureregulator Calciumlactat, Aromen, färbende Konzentrate (Schwarze Karotte, Spirulina), Niacin, Vitamin E, Pantothensäure, färbender Kurkuma-Auszug, Vitamin B6, Biotin, Vitamin B12. KANN AUCH ANTEILE VON MILCH ENTHALTEN.",327,1389,"0,1","0,1","75,1","61,7","4,5","0,08",https://www.edeka24.de/Lebensmittel/Suess-Salzig/Fruchtgummi-Lakritz/nimm2-Lachgummi-Sauer-250G.html,https://www.edeka24.de/out/pictures/generated/product/1/540_540_90/lgs_bag_250g.jpg
2900,Lebensmittel,Süß & Salzig,Fruchtgummi & Lakritz,Katjes Family Milchkater Fruitshake 275G,"1,09 €","3,96 €/kg","inkl. MwSt., zzgl. 4.95 € Versandkosten.",lieferbar innerhalb von 2-5 Werktagen,2023-05-03 01:37:54.452881,"Schaumzucker mit Fruchtgummi und 5,3% Magermilchpulver",,"Verantwortliches Lebensmittelunternehmen:
Katjes Fassin GmbH & Co. KG, 46426 Emmerich","Zutatenverzeichnis: Glukosesirup, Zucker, modifizierte Stärke, Dextrose, MAGERMILCHPULVER, 4,7% Apfelsaft aus Apfelsaftkonzentrat, Kartoffelprotein, Säuerungsmittel (Citronensäure, Äpfelsäure, Milchsäure), Färbende Frucht- und Pflanzenkonzentrate (Rettich, Apfel, Süßkartoffel, Schwarze Karotte, Schwarze Johannisbeere, Heidelbeere), natürliche Aromen, Erdbeersaft aus Erdbeersaftkonzentrat, Himbeersaft aus Himbeersaftkonzentrat, Kirschsaft aus Kirschsaftkonzentrat, hydrolysiertes Erbsenprotein, Sonnenblumenöl, Überzugsmittel: Carnaubawachs.",1483,349,"0,2","0,1",83,3,3,"0,24",https://www.edeka24.de/Lebensmittel/Suess-Salzig/Fruchtgummi-Lakritz/Katjes-Family-Milchkater-Fruitshake-275G.html,https://www.edeka24.de/out/pictures/generated/product/1/540_540_90/katjes_family_milchkater_fruitshake_275g.jpg
2901,Lebensmittel,Süß & Salzig,Fruchtgummi & Lakritz,nimm2 Lachgummi 250G,"1,29 €","5,16 €/kg","inkl. MwSt., zzgl. 4.95 € Versandkosten.",lieferbar innerhalb von 2-5 Werktagen,2023-05-03 01:37:57.316868,Fruchtgummi mit Vitaminen,Hinweis zur Aufbewahrung: Vor Wärme und Feuchtigkeit schützen.,"Verantwortliches Lebensmittelunternehmen:
August Storck KG, Waldstr. 27, D-13403 Berlin","Zutatenverzeichnis: Glukosesirup, Zucker, Gelatine, Fruchtsaft (5%) aus Fruchtsaftkonzentrat (Traube, Holunder), Säuerungsmittel (Citronensäure, Milchsäure), Aromen, färbende Konzentrate (Schwarze Karotte, Spirulina), Niacin, Vitamin E, Pantothensäure, färbender Kurkuma-Auszug, Vitamin B6, Biotin, Vitamin B12, Überzugsmittel (Carnaubawachs, Bienenwachs, weiß und gelb). KANN AUCH ANTEILE VON MILCH ENTHALTEN.",333,1414,"0,2","0,2","75,4","52,1","6,5","0,11",https://www.edeka24.de/Lebensmittel/Suess-Salzig/Fruchtgummi-Lakritz/nimm2-Lachgummi-250G.html,https://www.edeka24.de/out/pictures/generated/product/1/540_540_90/nimm2_lachgummi.jpg
2902,Lebensmittel,Süß & Salzig,Fruchtgummi & Lakritz,Katjes Yoghurt Gums 200G,"1,19 €","5,95 €/kg","inkl. MwSt., zzgl. 4.95 € Versandkosten.",lieferbar innerhalb von 2-5 Werktagen,2023-05-03 01:37:59.830170,Fruchtgummi mit Magermilchjoghurtpulver,,"Verantwortliches Lebensmittelunternehmen:
Katjes Fassin GmbH + Co. KG, Dechant-Sprünken-Str. 53-57, 46446 Emmerich","Zutatenverzeichnis: Zucker, Glukosesirup, Maltodextrin, 6% MAGERMILCHJOGHURTPULVER, 3% Apfelpüree, SÜSSMOLKENPULVER, Geliermittel: Pektin, Säureregulatoren: Kaliumnatriumtartrat und Kaliumcitrat, Säuerungsmittel: Citronensäure und Milchsäure, MILCHZUCKER, MILCHEIWEISSERZEUGNISS, Fruchtsaft aus Fruchtsaftkonzentrat (Erdbeere, Himbeere), Frucht- und Pflanzenkonzentrate (Karotte, Apfel, schwarze Karotte, Kürbis, Heidelbeere, Kirsche, Zitrone, Rotkohl), natürliche Aromen, pflanzliches Öl (Sonnenblume), Überzugsmittel: Bienenwachs, weiß und gelb.",315,1338,"0,2","0,1",74,52,"1,9","0,4",https://www.edeka24.de/Lebensmittel/Suess-Salzig/Fruchtgummi-Lakritz/Katjes-Yoghurt-Gums-200G.html,https://www.edeka24.de/out/pictures/generated/product/1/540_540_90/katjesjoghurtgums.jpg
2903,Lebensmittel,Süß & Salzig,Fruchtgummi & Lakritz,Katjes Family Cola Playa 275G,"1,09 €","3,96 €/kg","inkl. MwSt., zzgl. 4.95 € Versandkosten.",lieferbar innerhalb von 2-5 Werktagen,2023-05-03 01:38:02.234885,Fruchtgummi,,"Verantwortliches Lebensmittelunternehmen:
Katjes Fassin GmbH & Co. KG, 46426 Emmerich","Zutatenverzeichnis: Fruktose-Glukose-Sirup, Glukosesirup, modifizierte Stärke, Zucker, Geliermittel: Pektine, Säuerungsmittel (Citronensäure, Äpfelsäure, Milchsäure), hydrolysiertes Erbsenprotein, Karamellzuckersirup, natürliches Aroma, Kochsalz, Sonnenblumenöl, Überzugsmittel: Carnaubawachs.",1461,344,"0,2","0,1",84,60,"0,1","0,13",https://www.edeka24.de/Lebensmittel/Suess-Salzig/Fruchtgummi-Lakritz/Katjes-Family-Cola-Playa-275G.html,https://www.edeka24.de/out/pictures/generated/product/1/540_540_90/katjes_family_cola_playa_275g.jpg
2904,Lebensmittel,Süß & Salzig,Fruchtgummi & Lakritz,Trolli Pfirsichringe 200G,"1,19 €","5,95 €/kg","inkl. MwSt., zzgl. 4.95 € Versandkosten.",lieferbar innerhalb von 2-5 Werktagen,2023-05-03 01:38:04.991951,Schaumzucker Gummibonbon,Hinweis zur Aufbewahrung: Vor Wärme und Feuchtigkeit schützen,"Verantwortliches Lebensmittelunternehmen:
Trolli GmbH, Oststr. 94, 90763 Fürth","Zutatenverzeichnis: Glukosesirup; Zucker; 12% Pfirsichsaft aus Pfirsichsaftkonzentrat; Gelatine; Säuerungsmittel: Citronensäure, Milchsäure; Feuchthaltemittel: Sorbit; färbende Lebensmittel (Schwarze Johannisbeere, schwarze Karotte, roter Rettich, rote Traube, Kirsche, Curcuma, Saflor); Aroma; Niacin; Vitamin E; Pantothensäure; Vitamin B6; Folsäure; Biotin; Vitamin B12",1429,336,0,0,78,50,"4,4","0,2",https://www.edeka24.de/Lebensmittel/Suess-Salzig/Fruchtgummi-Lakritz/Trolli-Pfirsichringe-200G.html,https://www.edeka24.de/out/pictures/generated/product/1/540_540_90/trolli_pfirsichringe_200g.jpg
2905,Lebensmittel,Süß & Salzig,Fruchtgummi & Lakritz,Trolli Multi Mix Schmatzinsel 500G,"3,29 €","6,58 €/kg","inkl. MwSt., zzgl. 4.95 € Versandkosten.",lieferbar innerhalb von 2-5 Werktagen,2023-05-03 01:38:07.836476,Gummibonbon; Schaumzucker Gummibonbon; Schaumzuckerbonbon,Hinweis zur Aufbewahrung: Vor Wärme und Feuchtigkeit schützen,"Verantwortliches Lebensmittelunternehmen:
Trolli GmbH, Oststr. 94, 90763 Fürth","Zutatenverzeichnis: Glukosesirup; Zucker; Gelatine; Säuerungsmittel: Citronensäure, Milchsäure, Äpfelsäure; modifizierte Kartoffelstärke; Feuchthaltemittel: Sorbit; färbende Lebensmittel (Holunder, Schwarze Johannisbeere, schwarze Karotte, roter Rettich, rote Traube, Kirsche, Curcuma, Spirulina, Saflor, Zitrone, Karamellzuckersirup); Aromen; MAGERMILCHPULVER; Säureregulator: Calciumcitrate; Geliermittel: Pektin; Farbstoff: Kurkumin, Echtes Karmin, Brillantblau FCF, Titandioxid; Palmöl; Überzugsmittel: Bienenwachs, weiß und gelb, Carnaubawachs; Fett pflanzlich (Palm)",1428,336,"0,1","0,1",77,50,"5,5","0,2",https://www.edeka24.de/Lebensmittel/Suess-Salzig/Fruchtgummi-Lakritz/Trolli-Multi-Mix-Schmatzinsel-500G.html,https://www.edeka24.de/out/pictures/generated/product/1/540_540_90/trollischmatzinsel.jpg
2906,Lebensmittel,Süß & Salzig,Fruchtgummi & Lakritz,Haribo Goldbären Mini Einzelportionen 250G,"2,49 €","9,96 €/kg","inkl. MwSt., zzgl. 4.95 € Versandkosten.",lieferbar innerhalb von 2-5 Werktagen,2023-05-03 01:38:11.193705,Fruchtgummi,Hinweis zur Aufbewahrung: Vor Wärme und Feuchtigkeit schützen.,"Verantwortliches Lebensmittelunternehmen:
HARIBO GmbH & Co. KG, Hans-Riegel-Straße 1, D-53129 Bonn","Zutatenverzeichnis: Glukosesirup, Zucker, Gelatine, Dextrose, Fruchtsaft aus Fruchtsaftkonzentrat: Apfel, Erdbeere, Himbeere, Orange, Zitrone, Ananas, Säuerungsmittel: Citronensäure, Frucht- und Pflanzenkonzentrate: Saflor, Spirulina, Apfel, Holunderbeere, Orange, Schwarze Johannisbeere, Kiwi, Zitrone, Aronia, Mango, Passionsfrucht, Traube, Aroma, Holunderbeerextrakt, Überzugsmittel: Bienenwachs weiß und gelb, Carnaubawachs.",343,1459,"0,5","0,1",77,46,"6,9","0,07",https://www.edeka24.de/Lebensmittel/Suess-Salzig/Fruchtgummi-Lakritz/Haribo-Goldbaeren-Mini-Einzelportionen-250G.html,https://www.edeka24.de/out/pictures/generated/product/1/540_540_90/haribo_goldbren_mini_einzelportionen.jpg
2907,Lebensmittel,Süß & Salzig,Fruchtgummi & Lakritz,Haribo Saft Goldbären 160G,"1,19 €","7,44 €/kg","inkl. MwSt., zzgl. 4.95 € Versandkosten.",lieferbar innerhalb von 2-5 Werktagen,2023-05-03 01:38:13.945702,Fruchtgummi mit 25% Fruchtsaft aus Fruchtsaftkonzentrat.,Hinweis zur Aufbewahrung: Vor Wärme und Feuchtigkeit schützen.,"Verantwortliches Lebensmittelunternehmen:
Haribo GmbH & Co. KG, 53105 Bonn","Zutatenverzeichnis: Glukosesirup; Fruchtsaft aus Fruchtsaftkonzentrat: Apfel, Zitrone, Pfirsich, Himbeere, Kirsche, Orange, Banane; Zucker; Gelatine; Dextrose; Säuerungsmittel: Citronensäure; Sonnenblumenöl; Frucht- und Pflanzenkonzentrate: Saflor, Spirulina, Apfel, Holunderbeere, Schwarze Johannisbeere, Orange, Kiwi, Aronia, Traube, Zitrone; Holunderbeerextrakt; Aroma; Überzugsmittel: Bienenwachs weiß und gelb. Kann Spuren von MILCH, WEIZEN enthalten.",1437,338,"0,5","0,1",77,46,"5,7","0,03",https://www.edeka24.de/Lebensmittel/Suess-Salzig/Fruchtgummi-Lakritz/Haribo-Saft-Goldbaeren-160G.html,https://www.edeka24.de/out/pictures/generated/product/1/540_540_90/haribo_saft_goldbamp228ren_160g.jpg
2908,Lebensmittel,Süß & Salzig,Fruchtgummi & Lakritz,Katjes Family Milchkater 275G,"1,09 €","3,96 €/kg","inkl. MwSt., zzgl. 4.95 € Versandkosten.",lieferbar innerhalb von 2-5 Werktagen,2023-05-03 01:38:16.410754,Schaumzucker mit Fruchtgummi,,"Verantwortliches Lebensmittelunternehmen:
Katjes Fassin GmbH & Co. KG, 46426 Emmerich","Zutatenverzeichnis: Glukosesirup, Zucker, modifizierte Stärken, 10,4 % Apfelsaft aus Apfelsaftkonzentrat, Dextrose, 5,1 % MAGERMILCHPULVER, Kartoffelprotein, Säuerungsmittel (Citronensäure, Äpfelsäure, Milchsäure), natürliche Aromen, färbende Frucht- und Pflanzenkonzentrate (schwarze Karotte, Saflor, Apfel, Zitrone), hydrolysiertes Erbsenprotein, färbendes Spirulinakonzentrat, Sonnenblumenöl, Überzugsmittel: Carnaubawachs.",1482,349,"0,2","0,1",83,59,"3,1","0,47",https://www.edeka24.de/Lebensmittel/Suess-Salzig/Fruchtgummi-Lakritz/Katjes-Family-Milchkater-275G.html,https://www.edeka24.de/out/pictures/generated/product/1/540_540_90/katjes_family_milchkater_275g.jpg
2909,Lebensmittel,Süß & Salzig,Fruchtgummi & Lakritz,Haribo Happy Cherries 175G,"1,19 €","6,80 €/kg","inkl. MwSt., zzgl. 4.95 € Versandkosten.",lieferbar innerhalb von 2-5 Werktagen,2023-05-03 01:38:19.014465,Fruchtgummi,Hinweis zur Aufbewahrung: Vor Wärme und Feuchtigkeit schützen.,"Verantwortliches Lebensmittelunternehmen:
Haribo GmbH & Co. KG, 53105 Bonn","Zutatenverzeichnis: Glukosesirup; Zucker; Gelatine; Dextrose; Säuerungsmittel: Citronensäure; Frucht- und Pflanzenkonzentrate: Spirulina, Saflor, Rettich, Süßkartoffel, Karotte, Schwarze Johannisbeere, Hibiskus, Apfel; Sonnenblumenöl; Aroma; Überzugsmittel: Bienenwachs weiß und gelb. Kann Spuren von MILCH, WEIZEN enthalten.",1459,343,"0,5","0,1",77,46,"6,9","0,07",https://www.edeka24.de/Lebensmittel/Suess-Salzig/Fruchtgummi-Lakritz/Haribo-Happy-Cherries-175G.html,https://www.edeka24.de/out/pictures/generated/product/1/540_540_90/haribo_cherries_175g.jpg
2910,Lebensmittel,Süß & Salzig,Fruchtgummi & Lakritz,Katjes Katzenpfötchen 200G,"1,19 €","5,95 €/kg","inkl. MwSt., zzgl. 4.95 € Versandkosten.",lieferbar innerhalb von 2-5 Werktagen,2023-05-03 01:38:22.140256,Lakritz,,"Verantwortliches Lebensmittelunternehmen:
Katjes Fassin GmbH + Co. KG, Dechant-Sprünken-Str. 53-57, 46446 Emmerich","Zutatenverzeichnis: Zucker, Glukosesirup, modifizierte Stärke, Glukose-Fruktose-Sirup, 8,5% Süßholzsaft, brauner Zuckersirup, Aromen, Kräuterauszüge, pflanzliches Öl (Sonnenblume), Überzugsmittel: Bienenwachs, weiß und gelb.",1460,344,"0,2","0,1",85,56,"0,4","0,06",https://www.edeka24.de/Lebensmittel/Suess-Salzig/Fruchtgummi-Lakritz/Katjes-Katzenpfoetchen-200G.html,https://www.edeka24.de/out/pictures/generated/product/1/540_540_90/katjeskatzenpftchen.jpg
2911,Lebensmittel,Süß & Salzig,Fruchtgummi & Lakritz,Trolli saure Glühwürmchen 200G,"1,09 €","5,45 €/kg","inkl. MwSt., zzgl. 4.95 € Versandkosten.",lieferbar innerhalb von 2-5 Werktagen,2023-05-03 01:38:25.151721,Gummibonbon,Hinweis zur Aufbewahrung: Vor Wärme und Feuchtigkeit schützen,"Verantwortliches Lebensmittelunternehmen:
Trolli GmbH, Oststr. 94, 90763 Fürth","Zutatenverzeichnis: Glukosesirup; Zucker; modifizierte Kartoffelstärke; Gelatine; Säuerungsmittel: Citronensäure, Milchsäure, Äpfelsäure; Säureregulatoren: Calciumcitrate, Natriummalat; Aromen; Farbstoff: Echtes Karmin, Kurkumin, Brillantblau FCF",1424,335,0,0,78,46,"4,3","0,2",https://www.edeka24.de/Lebensmittel/Suess-Salzig/Fruchtgummi-Lakritz/Trolli-saure-Gluehwuermchen-200G.html,https://www.edeka24.de/out/pictures/generated/product/1/540_540_90/trolli_saure_glhwrmchen_200_g.jpg
2912,Lebensmittel,Süß & Salzig,Fruchtgummi & Lakritz,Haribo Weinland 175G,"1,19 €","6,80 €/kg","inkl. MwSt., zzgl. 4.95 € Versandkosten.",lieferbar innerhalb von 2-5 Werktagen,2023-05-03 01:38:27.974245,Weingummi,Hinweis zur Aufbewahrung: Vor Wärme und Feuchtigkeit schützen.,"Verantwortliches Lebensmittelunternehmen:
Haribo GmbH & Co. KG, 53105 Bonn","Zutatenverzeichnis: Glukosesirup; Zucker; Gelatine; Dextrose; Säuerungsmittel: Citronensäure; Frucht- und Pflanzenkonzentrate: Saflor, Spirulina, Rettich, Apfel, Süßkartoffel, Karotte, Schwarze Johannisbeere, Hibiskus, Zitrone; Sonnenblumenöl; Wein; Aroma; Überzugsmittel: Bienenwachs weiß und gelb. Kann Spuren von MILCH, WEIZEN enthalten.",1459,343,"0,5","0,1",77,46,"6,9","0,07",https://www.edeka24.de/Lebensmittel/Suess-Salzig/Fruchtgummi-Lakritz/Haribo-Weinland-175G.html,https://www.edeka24.de/out/pictures/generated/product/1/540_540_90/haribo_weinland_175g.jpg
2913,Lebensmittel,Süß & Salzig,Fruchtgummi & Lakritz,Trolli Apfel Ringe 150G,"1,19 €","7,93 €/kg","inkl. MwSt., zzgl. 4.95 € Versandkosten.",lieferbar innerhalb von 2-5 Werktagen,2023-05-03 01:38:31.037839,Schaumzucker Gummibonbon mit Vitaminen.,Hinweis zur Aufbewahrung: Vor Wärme und Feuchtigkeit schützen.,"Verantwortliches Lebensmittelunternehmen:
Trolli GmbH, Oststr. 94, 90763 Fürth","Zutatenverzeichnis: Glukosesirup; Zucker; 12% Apfelsaft aus Apfelsaftkonzentrat; Gelatine; Säuerungsmittel: Citronensäure, Milchsäure; Feuchthaltemittel: Sorbit; färbende Lebensmittel (Saflor, Spirulina); Aroma; Niacin; Vitamin E; Pantothensäure; Vitamin B6; Folsäure; Biotin; Vitamin B12.",1425,335,0,0,77,51,"4,4","0,2",https://www.edeka24.de/Lebensmittel/Suess-Salzig/Fruchtgummi-Lakritz/Trolli-Apfel-Ringe-150G.html,https://www.edeka24.de/out/pictures/generated/product/1/540_540_90/trolliapfelringe.jpg
2914,Lebensmittel,Süß & Salzig,Fruchtgummi & Lakritz,Trolli Fruchtgummi Kiss 200G,"1,09 €","5,45 €/kg","inkl. MwSt., zzgl. 4.95 € Versandkosten.",lieferbar innerhalb von 2-5 Werktagen,2023-05-03 01:38:33.735541,Schaumzuckerbonbon,Hinweis zur Aufbewahrung: Vor Wärme schützen,"Verantwortliches Lebensmittelunternehmen:
Trolli GmbH, Oststr. 94, 90763 Fürth","Zutatenverzeichnis: Glukosesirup, Zucker, Gelatine, Säuerungsmittel: Citronensäure, Milchsäure, Erdbeersaft aus Fruchtsaftkonzentrat, Geliermittel: Pektin, Aromen, Farbstoff: Echtes Karmin",1467,345,0,0,80,52,"4,8","0,2",https://www.edeka24.de/Lebensmittel/Suess-Salzig/Fruchtgummi-Lakritz/Trolli-Fruchtgummi-Kiss-200G.html,https://www.edeka24.de/out/pictures/generated/product/1/540_540_90/kiss.jpg
2915,Lebensmittel,Süß & Salzig,Fruchtgummi & Lakritz,Katjes Family Utopia 275G,"1,09 €","3,96 €/kg","inkl. MwSt., zzgl. 4.95 € Versandkosten.",lieferbar innerhalb von 2-5 Werktagen,2023-05-03 01:38:36.269413,Fruchtgummi mit Schaumzucker,,"Verantwortliches Lebensmittelunternehmen:
Katjes Fassin GmbH & Co. KG, 46426 Emmerich","Zutatenverzeichnis: Zucker, Glukosesirup, modifizierte Stärke, Glukose-Fruktose-Sirup, Säuerungsmittel (Citronensäure, Äpfelsäure, Milchsäure), färbende Frucht- und Pflanzenkonzentrate (schwarze Karotte, Saflor, Apfel, Rettich, Zitrone, schwarze Johannisbeere), natürliche Aromen, Kartoffelprotein, Karamellzuckersirup, färbendes Spirulinakonzentrat, hydrolysiertes Erbsenprotein, Sonnenblumenöl, Überzugsmittel: Carnaubawachs.",1459,343,"0,2","0,1",84,61,"0,1","0,04",https://www.edeka24.de/Lebensmittel/Suess-Salzig/Fruchtgummi-Lakritz/Katjes-Family-Utopia-275G.html,https://www.edeka24.de/out/pictures/generated/product/1/540_540_90/katjes_family_utopia_275g.jpg
2916,Lebensmittel,Süß & Salzig,Fruchtgummi & Lakritz,Hitschies Spinnenbeine Mix 125G,"1,39 €","11,12 €/kg","inkl. MwSt., zzgl. 4.95 € Versandkosten.",lieferbar innerhalb von 2-5 Werktagen,2023-05-03 01:38:39.230249,Saure Fruchtgummi - 4 Geschmacksrichtungen,Hinweis zur Aufbewahrung: Wärmegeschützt und trocken lagern.,"Verantwortliches Lebensmittelunternehmen:
hitschler International GmbH & Co. KG 50855 Köln","Zutatenverzeichnis: Zucker, Glukose-Fruktose-Sirup, WEIZENMEHL, Säuerungsmittel: Äpfelsäure, Citronensäure; Dextrose, Palmöl, natürliche Aromen, Frucht- und Pflanzenkonzentrate: Spirulina, Saflor, Karotte, Hibiskus, Apfel, Süßkartoffel; Antioxidationsmittel: Ascorbinsäure, E306.",1514,357,"2,3","1,2",79,59,"2,5","0,08",https://www.edeka24.de/Lebensmittel/Suess-Salzig/Fruchtgummi-Lakritz/Hitschies-Spinnenbeine-Mix-125G.html,https://www.edeka24.de/out/pictures/generated/product/1/540_540_90/hitschies_spinnenbeine_mix_125g.jpg
2917,Lebensmittel,Süß & Salzig,Fruchtgummi & Lakritz,Haribo Ingwer Zitrone 160G,"1,19 €","7,44 €/kg","inkl. MwSt., zzgl. 4.95 € Versandkosten.",lieferbar innerhalb von 2-5 Werktagen,2023-05-03 01:38:42.377962,Fruchtgummi,Hinweis zur Aufbewahrung: Vor Wärme und Feuchtigkeit schützen.,"Verantwortliches Lebensmittelunternehmen:
Haribo GmbH & Co. KG, 53105 Bonn","Zutatenverzeichnis: Glukosesirup; Zucker; Stärke; Gelatine; Zitronensaft aus Zitronensaftkonzentrat (2,3 %); Säuerungsmittel: Citronensäure, Äpfelsäure; Ingwerkonzentrat (0,7 %); Frucht- und Pflanzenkonzentrate: Saflor, Orange, Zitrone, Holunderbeere; Aroma; Überzugsmittel: Carnaubawachs. Kann Spuren von MILCH, WEIZEN enthalten.",1447,340,"0,5","0,1",80,61,"3,5","0,08",https://www.edeka24.de/Lebensmittel/Suess-Salzig/Fruchtgummi-Lakritz/Haribo-Ingwer-Zitrone-160G.html,https://www.edeka24.de/out/pictures/generated/product/1/540_540_90/haribo_ingwer_zitrone_160g.jpg
2918,Lebensmittel,Süß & Salzig,Fruchtgummi & Lakritz,nimm2 Lachgummi Apfellinge 225G,"1,29 €","5,73 €/kg","inkl. MwSt., zzgl. 4.95 € Versandkosten.",lieferbar innerhalb von 2-5 Werktagen,2023-05-03 01:38:45.335053,Fruchtgummi mit Vitaminen,,"Verantwortliches Lebensmittelunternehmen:
AUGUST STORCK KG, Waldstr. 27, 13403 Berlin","Zutatenverzeichnis: Glukosesirup, Zucker, Fruchtsaft (5%) aus Fruchtsaftkonzentrat (Apfel, Holunder), Gelatine, Säuerungsmittel (Citronensäure, Milchsäure), Säureregulator Calciumlactat, Aroma, Niacin, Vitamin E, Pantothensäure, färbendes Spirulinakonzentrat, Vitamin B6, färbender Kurkuma-Auszug, Biotin, Vitamin B12. KANN AUCH ANTEILE VON MILCH ENTHALTEN.",1423,335,"0,1","0,1","77,8","60,2","4,2","0,07",https://www.edeka24.de/Lebensmittel/Suess-Salzig/Fruchtgummi-Lakritz/nimm2-Lachgummi-Apfellinge-225G.html,https://www.edeka24.de/out/pictures/generated/product/1/540_540_90/nimm2_lachgummi_apfellinge225g.jpg
2919,Lebensmittel,Süß & Salzig,Fruchtgummi & Lakritz,Haribo Chamäleon 175G,"1,19 €","6,80 €/kg","inkl. MwSt., zzgl. 4.95 € Versandkosten.",lieferbar innerhalb von 2-5 Werktagen,2023-05-03 01:38:48.276739,Fruchtgummi,Hinweis zur Aufbewahrung: Vor Wärme und Feuchtigkeit schützen.,"Verantwortliches Lebensmittelunternehmen:
Haribo GmbH & Co. KG, 53105 Bonn","Zutatenverzeichnis: Glukosesirup; Zucker; Gelatine; Dextrose; Säuerungsmittel: Citronensäure; Frucht- und Pflanzenkonzentrate: Karotte, Spirulina, Rettich, Apfel, Schwarze Johannisbeere; Sonnenblumenöl; Aroma; Überzugsmittel: Bienenwachs weiß und gelb. Kann Spuren von MILCH, WEIZEN enthalten.",1459,343,"0,5","0,1",77,46,"6,9","0,07",https://www.edeka24.de/Lebensmittel/Suess-Salzig/Fruchtgummi-Lakritz/Haribo-Chamaeleon-175G.html,https://www.edeka24.de/out/pictures/generated/product/1/540_540_90/haribo_chamaleon_175g.jpg
2920,Lebensmittel,Süß & Salzig,Fruchtgummi & Lakritz,Katjes Wunderland Fruchtgummi 200G,"1,19 €","5,95 €/kg","inkl. MwSt., zzgl. 4.95 € Versandkosten.",lieferbar innerhalb von 2-5 Werktagen,2023-05-03 01:38:50.954465,-,,"Verantwortliches Lebensmittelunternehmen:
Katjes Fassin GmbH + Co. KG, Dechant-Sprünken-Str. 53-57, 46446 Emmerich","Zutatenverzeichnis: Zucker, Glukosesirup, modifizierte Stärke, Glukose-Fruktose-Sirup, Säuerungsmittel (Äpfelsäure, Citronensäure, Milchsäure), Frucht- und Pflanzenkonzentrate (Saflor, Apfel, rote Traube, schwarze Johannisbeere, Zitrone, schwarze Karotte, Rotkohl, Rettich), Spirulinakonzentrat, Säureregulator: Calciumcarbonat, natürliche Aromen, natürliches Limetten-Aroma, Überzugsmittel: Carnaubawachs.",1405,330,"0,1","0,1",80,57,"0,5","0,04",https://www.edeka24.de/Lebensmittel/Suess-Salzig/Fruchtgummi-Lakritz/Katjes-Wunderland-Fruchtgummi-200G.html,https://www.edeka24.de/out/pictures/generated/product/1/540_540_90/katjeswunderland.jpg
2921,Lebensmittel,Süß & Salzig,Fruchtgummi & Lakritz,Rocky Mountains Super Barbecue Marshmallows 300G,"2,00 €","6,67 €/kg","inkl. MwSt., zzgl. 4.95 € Versandkosten.",lieferbar innerhalb von 2-5 Werktagen,2023-05-03 01:38:53.721451,Schaumzuckerware,Hinweis zur Aufbewahrung: Vor Wärme und direktem Sonnenlicht schützen.,"Verantwortliches Lebensmittelunternehmen:
Genuport Trade AG, D-22848 Norderstedt","Zutatenverzeichnis: Glukosesirup, Zucker, Maisstärke, Gelatine, Wasser, Stabilisator: E450, Aromen.",324,1377,0,0,79,65,2,"0,07",https://www.edeka24.de/Lebensmittel/Suess-Salzig/Fruchtgummi-Lakritz/Rocky-Mountains-Super-Barbecue-Marshmallows-300G.html,https://www.edeka24.de/out/pictures/generated/product/1/540_540_90/rmmarschmallows.jpg
2922,Lebensmittel,Süß & Salzig,Fruchtgummi & Lakritz,nimm2 Lachgummi Joghurt 250G,"1,29 €","5,16 €/kg","inkl. MwSt., zzgl. 4.95 € Versandkosten.",lieferbar innerhalb von 2-5 Werktagen,2023-05-03 01:38:56.862502,Fruchtgummi mit Vitaminen und Magermilchjoghurt,Hinweis zur Aufbewahrung: Vor Wärme und Feuchtigkeit schützen.,"Verantwortliches Lebensmittelunternehmen:
August Storck KG, Waldstr. 27, D-13403 Berlin","Zutatenverzeichnis: Glukosesirup, Zucker, MAGERMILCHJOGHURTPULVER (5,5%), Traubensaft (5%) aus Traubensaftkonzentrat, Gelatine, Säuerungsmittel (Citronensäure, Milchsäure), Geliermittel Pektin, hydrolysiertes MILCHEIWEIß, Aromen, färbende Konzentrate (Schwarze Karotte, Spirulina), Niacin, Vitamin E, Pantothensäure, färbender Kurkuma-Auszug, Vitamin B6, Biotin, Vitamin B12, Überzugsmittel (Carnaubawachs, Bienenwachs, weiß und gelb).",331,1408,"0,2","0,2","75,7","53,9","5,3","0,27",https://www.edeka24.de/Lebensmittel/Suess-Salzig/Fruchtgummi-Lakritz/nimm2-Lachgummi-Joghurt-250G.html,https://www.edeka24.de/out/pictures/generated/product/1/540_540_90/lagujoghu.jpg
2923,Lebensmittel,Süß & Salzig,Fruchtgummi & Lakritz,nimm2 Lachgummi Heroes 225G,"1,29 €","5,73 €/kg","inkl. MwSt., zzgl. 4.95 € Versandkosten.",lieferbar innerhalb von 2-5 Werktagen,2023-05-03 01:39:00.210452,Fruchtgummi mit Vitaminen,Hinweis zur Aufbewahrung: Vor Wärme und Feuchtigkeit schützen.,"Verantwortliches Lebensmittelunternehmen:
August Storck KG, Waldstr. 27, D-13403 Berlin","Zutatenverzeichnis: Glukosesirup, Zucker, Gelatine, Fruchtsaft (5%) aus Fruchtsaftkonzentrat (Traube, Holunder), Säuerungsmittel (Citronensäure, Milchsäure), Aromen, färbende Konzentrate (Schwarze Karotte, Spirulina), Niacin, Vitamin E, Pantothensäure, Vitamin B6, färbender Kurkuma-Auszug, Biotin, Vitamin B12, Überzugsmittel (Carnaubawachs, Bienenwachs, weiß und gelb). Kann auch Anteile von MILCH enthalten.",1413,332,"0,1","0,1","75,4","52,1","6,5","0,1",https://www.edeka24.de/Lebensmittel/Suess-Salzig/Fruchtgummi-Lakritz/nimm2-Lachgummi-Heroes-225G.html,https://www.edeka24.de/out/pictures/generated/product/1/540_540_90/nimm2-lacjgummi-heroes.jpg
2924,Lebensmittel,Süß & Salzig,Fruchtgummi & Lakritz,Haribo Goldbären Großpackung 1KG,"5,49 €","5,49 €/kg","inkl. MwSt., zzgl. 4.95 € Versandkosten.",lieferbar innerhalb von 2-5 Werktagen,2023-05-03 01:39:03.504252,FRUCHTGUMMI,Hinweis zur Aufbewahrung: Vor Wärme und Feuchtigkeit schützen.,"Verantwortliches Lebensmittelunternehmen:
HARIBO GmbH & Co. KG, Hans-Riegel-Straße 1, D-53129 Bonn","Zutatenverzeichnis: Glukosesirup, Zucker, Gelatine, Dextrose, Fruchtsaft aus Fruchtsaftkonzentrat: Apfel, Erdbeere, Himbeere, Orange, Zitrone, Ananas, Säuerungsmittel: Citronensäure, Frucht- und Pflanzenkonzentrate: Brennnessel, Orange, Zitrone, Mango, Passionsfrucht, Holunderbeere, Schwarze Johannisbeere, Apfel, Spinat, Aronia, Kiwi, Traube, Aroma, Holunderbeerextrakt, Überzugsmittel: Bienenwachs weiß und gelb, Carnaubawachs, Fruchtsüße aus Johannisbrotfrucht, Invertzuckersirup.",343,1459,"0,5","0,1",77,46,"6,9","0,07",https://www.edeka24.de/Lebensmittel/Suess-Salzig/Fruchtgummi-Lakritz/Haribo-Goldbaeren-Grosspackung-1KG.html,https://www.edeka24.de/out/pictures/generated/product/1/540_540_90/haribo_goldbren_gropackung(1).jpg
2925,Lebensmittel,Süß & Salzig,Fruchtgummi & Lakritz,Hitschies Saure Drachenzungen blau 125G,"1,39 €","11,12 €/kg","inkl. MwSt., zzgl. 4.95 € Versandkosten.",lieferbar innerhalb von 2-5 Werktagen,2023-05-03 01:39:06.052145,Saure Fruchtgummi - Himbeergeschmack,Hinweis zur Aufbewahrung: Wärmegeschützt und trocken lagern.,"Verantwortliches Lebensmittelunternehmen:
hitschler International GmbH & Co. KG 50855 Köln","Zutatenverzeichnis: Zucker, Glukose-Fruktose-Sirup, WEIZENMEHL, Säuerungsmittel: Äpfelsäure, Citronensäure; Dextrose, Palmöl, Aroma, Farbstoff: Brillantblau FCF; Antioxidationsmittel: E 306, Ascorbinsäure.",1545,364,"2,1","1,2",81,63,"2,2","0,07",https://www.edeka24.de/Lebensmittel/Suess-Salzig/Fruchtgummi-Lakritz/Hitschies-Saure-Drachenzungen-blau-125G.html,https://www.edeka24.de/out/pictures/generated/product/1/540_540_90/hitschies_saure_drachenzungen_blau_125g.jpg
2926,Lebensmittel,Süß & Salzig,Fruchtgummi & Lakritz,Trolli Gummi World 230G,"2,49 €","10,83 €/kg","inkl. MwSt., zzgl. 4.95 € Versandkosten.",lieferbar innerhalb von 2-5 Werktagen,2023-05-03 01:39:08.916290,Gumminbonbon/ Schaumzucker Gummibonbon/Schaumzuckerbonbon,,"Verantwortliches Lebensmittelunternehmen:
Trolli GmbH, Oststr. 94, 90763 Fürth","Zutatenverzeichnis: Glukosesirup; Zucker; Gelatine; Säuerungsmittel: Citronensäure, Milchsäure, Äpfelsäure; modifizierte Kartoffelstärke; Feuchthaltemittel: Sorbit; färbende Lebensmittel (Holunder, Schwarze Johannisbeere, schwarze Karotte, roter Rettich, rote Traube, Kirsche, Curcuma, Spirulina, Saflor, Zitrone, Karamellzuckersirup); Aromen; Säureregulatoren: Calciumcitrate, Natriummalat; Geliermittel: Pektin; Farbstoff: Kurkumin, Echtes Karmin, Brillantblau FCF; Überzugsmittel: Bienenwachs, weiß und gelb, Carnaubawachs.",1430,337,"0,1","0,1",77,50,"5,4","0,2",https://www.edeka24.de/Lebensmittel/Suess-Salzig/Fruchtgummi-Lakritz/Trolli-Gummi-World-230G.html,https://www.edeka24.de/out/pictures/generated/product/1/540_540_90/trolli_gummi_world_230g.jpg
2927,Lebensmittel,Süß & Salzig,Fruchtgummi & Lakritz,Trolli Bytes 160G,"1,19 €","7,44 €/kg","inkl. MwSt., zzgl. 4.95 € Versandkosten.",lieferbar innerhalb von 2-5 Werktagen,2023-05-03 01:39:12.076718,"Gummibonbon mit Dextrose 10%, Mate-tee-extrakt, zink und Vitamin B6",Hinweis zur Aufbewahrung: Vor Wärme und Feuchtigkeit schützen.,,"Zutatenverzeichnis: Glukosesirup; Zucker; Gelatine; Dextrose; Säuerungsmittel: Citronensäure, Milchsäure; färbende Lebensmittel (Schwarze Johannisbeere, Paprika, Karotte, Curcuma, Spirulina); natürliche Aromen; Überzugsmittel: Bienenwachs, weiß und gelb, Carnaubawachs; Mate-Tee-Extrakt (0,05%); Zink; Vitamin B6.",1429,336,"0,1","0,1",75,44,"7,5","0,2",https://www.edeka24.de/Lebensmittel/Suess-Salzig/Fruchtgummi-Lakritz/Trolli-Bytes-160G.html,https://www.edeka24.de/out/pictures/generated/product/1/540_540_90/trolli_bytes_160g.jpg
2928,Lebensmittel,Süß & Salzig,Fruchtgummi & Lakritz,Trolli Bizzl Mix 200G,"1,19 €","5,95 €/kg","inkl. MwSt., zzgl. 4.95 € Versandkosten.",lieferbar innerhalb von 2-5 Werktagen,2023-05-03 01:39:14.966014,Gummibonbon,Hinweis zur Aufbewahrung: Vor Wärme und Feuchtigkeit schützen,"Verantwortliches Lebensmittelunternehmen:
Trolli GmbH, Oststr. 94, 90763 Fürth","Zutatenverzeichnis: Zucker, Glukosesirup, modifizierte Stärke (Kartoffel, Tapioka), Säuerungsmittel: Citronensäure, Milchsäure, Säureregulatoren: Calcuimcitrate, Natriumcitrate, Aromen, färbende Lebensmittel (schwarze Johannisbeere, schwarze Karotte, roter Rettich,Saflor, rote Traube, Kirsche), Farbstoff: Brillantblau FCF",1465,345,0,0,84,53,"0,1","0,2",https://www.edeka24.de/Lebensmittel/Suess-Salzig/Fruchtgummi-Lakritz/Trolli-Bizzl-Mix-200G.html,https://www.edeka24.de/out/pictures/generated/product/1/540_540_90/trolli_bizzl_mix_200g.jpg
2929,Lebensmittel,Süß & Salzig,Fruchtgummi & Lakritz,Nimm2 Lachgummi Happies 325G,"1,29 €","3,97 €/kg","inkl. MwSt., zzgl. 4.95 € Versandkosten.",lieferbar innerhalb von 2-5 Werktagen,2023-05-03 01:39:22.433109,Fruchtgummi mit Vitaminen,,"Verantwortliches Lebensmittelunternehmen:
AUGUST STORCK KG, Waldstr. 27, D-13403 Berlin","Zutatenverzeichnis: Glukosesirup, Zucker, Gelatine, Fruchtsaft (5%) aus Fruchtsaftkonzentrat (Traube, Holunderbeere), Säuerungsmittel (Citronensäure, Milchsäure), Aromen, Niacin, Vitamin E, färbende Konzentrate (Schwarze Karotte, Spirulina), Pantothensäure, färbender Kurkuma-Auszug, Vitamin B6, Biotin, Vitamin B12, Überzugsmittel (Carnaubawachs, Bienenwachs, weiß und gelb). Kann auch Anteile von MILCH enthalten.",1413,332,"0,1","0,1","75,3","52,1","6,5","0,1",https://www.edeka24.de/Lebensmittel/Suess-Salzig/Fruchtgummi-Lakritz/Nimm2-Lachgummi-Happies-325G.html,https://www.edeka24.de/out/pictures/generated/product/1/540_540_90/nimm2_lachgummi_happies_325g.jpg
2930,Lebensmittel,Süß & Salzig,Fruchtgummi & Lakritz,Katjes Glücksgefühle 200G,"1,19 €","5,95 €/kg","inkl. MwSt., zzgl. 4.95 € Versandkosten.",lieferbar innerhalb von 2-5 Werktagen,2023-05-03 01:39:25.839516,Mischung aus Fruchtgummi und Lakritz,,"Verantwortliches Lebensmittelunternehmen:
Katjes Fassin GmbH + Co. KG, Dechant-Sprünken-Str. 53-57, 46446 Emmerich","Zutatenverzeichnis: Glukosesirup, Zucker, modifizierte Stärke, Glukose-Fruktose-Sirup, Säuerungsmittel (Citronensäure, Äpfelsäure, Milchsäure), 7,5 % Süßholzsaft im Lakritzanteil, brauner Zuckersirup, Aromen, Holunderbeersaft aus Holunderbeersaftkonzentrat, Frucht- und Pflanzenkonzentrate (Saflor, Apfel, Zitrone, schwarze Karotte, Rotkohl, Rettich, schwarze Johannisbeere), Spirulinakonzentrat, pflanzliches Öl (Sonnenblume), Überzugsmittel: Bienenwachs, weiß und gelb.",1387,326,"0,2","0,1",80,54,"0,1","0,05",https://www.edeka24.de/Lebensmittel/Suess-Salzig/Fruchtgummi-Lakritz/Katjes-Gluecksgefuehle-200G.html,https://www.edeka24.de/out/pictures/generated/product/1/540_540_90/katjesglcksgeflle.jpg
2931,Lebensmittel,Süß & Salzig,Fruchtgummi & Lakritz,Katjes Katzenkinder 200G,"1,19 €","5,95 €/kg","inkl. MwSt., zzgl. 4.95 € Versandkosten.",lieferbar innerhalb von 2-5 Werktagen,2023-05-03 01:39:29.398806,Lakritz,,"Verantwortliches Lebensmittelunternehmen:
Katjes Fassin GmbH + Co. KG, Dechant-Sprünken-Str. 53-57, 46446 Emmerich","Zutatenverzeichnis: modifizierte Stärke, brauner Zuckersirup, Zucker, Glukosesirup, 5% Süßholzsaft, Aromen, pflanzliches Öl (Sonnenblume), Überzugsmittel: Bienenwachs, weiß und gelb.",1503,354,"0,2","0,1",87,48,"0,9","0,36",https://www.edeka24.de/Lebensmittel/Suess-Salzig/Fruchtgummi-Lakritz/Katjes-Katzenkinder-200G.html,https://www.edeka24.de/out/pictures/generated/product/1/540_540_90/katzenkinder.jpg
2932,Lebensmittel,Süß & Salzig,Fruchtgummi & Lakritz,Trolli Apfelgarten 150G,"1,19 €","7,93 €/kg","inkl. MwSt., zzgl. 4.95 € Versandkosten.",lieferbar innerhalb von 2-5 Werktagen,2023-05-03 01:39:32.560297,Gummibonbon,Hinweis zur Aufbewahrung: Vor Wärme und Feuchtigkeit schützen.,"Verantwortliches Lebensmittelunternehmen:
Trolli GmbH, Oststr. 94, 90763 Fürth","Zutatenverzeichnis: Zucker; Invertzuckersirup; 12% Apfelsaft aus Apfelsaftkonzentrat; Glukosesirup; Maisstärke; Säuerungsmittel: Äpfelsäure, Milchsäure; Säureregulatoren: Calciumcitrate, Natriummalat; färbende Lebensmittel (Schwarze Johannisbeere, Karotte, Rettich, Saflor, Curcuma, Spirulina, Zitrone); Aroma.",1463,344,0,0,83,68,"0,2","0,40",https://www.edeka24.de/Lebensmittel/Suess-Salzig/Fruchtgummi-Lakritz/Trolli-Apfelgarten-150G.html,https://www.edeka24.de/out/pictures/generated/product/1/540_540_90/trolli_apfelgarten_150g.jpg
2933,Lebensmittel,Süß & Salzig,Fruchtgummi & Lakritz,Trolli Glotzer gefüllt 75G,"1,59 €","21,20 €/kg","inkl. MwSt., zzgl. 4.95 € Versandkosten.",lieferbar innerhalb von 2-5 Werktagen,2023-05-03 01:39:35.589477,Schaumzucker Gummibonbon mit Füllung 10%,,"Verantwortliches Lebensmittelunternehmen:
Trolli GmbH, Oststraße 94, 90763 Fürth","Zutatenverzeichnis: Glukosesirup; Zucker; Dextrose; Gelatine; Säuerungsmittel: Citronensäure; Aromen; Geliermittel: Agar-Agar; Farbstoff: Echtes Karmin, Kurkumin, Brillantblau FCF, Pflanzenkohle; Palmöl; Überzugsmittel: Carnaubawachs",1339,315,"0,2","0,2",72,52,"3,8","0,2",https://www.edeka24.de/Lebensmittel/Suess-Salzig/Fruchtgummi-Lakritz/Trolli-Glotzer-gefuellt-75G.html,https://www.edeka24.de/out/pictures/generated/product/1/540_540_90/trolli_glotzer_gefamp252llt_75g.jpg
2934,Lebensmittel,Süß & Salzig,Fruchtgummi & Lakritz,Trolli Wurrli 150G,"1,19 €","7,93 €/kg","inkl. MwSt., zzgl. 4.95 € Versandkosten.",lieferbar innerhalb von 2-5 Werktagen,2023-05-03 01:39:38.250267,Gummibonbon,Hinweis zur Aufbewahrung: Vor Wärme und Feuchtigkeit schützen.,"Verantwortliches Lebensmittelunternehmen:
Trolli GmbH, Oststr. 94, 90763 Fürth","Zutatenverzeichnis: Glukosesirup; Zucker; Gelatine; Säuerungsmittel: Citronensäure, Milchsäure; färbende Lebensmittel (Schwarze Johannisbeere, Karotte, Rettich, Curcuma, Saflor, Spirulina); Aromen; Überzugsmittel: Bienenwachs, weiß und gelb, Carnaubawachs.",1407,331,"0,1","0,1",76,43,"5,3","0,2",https://www.edeka24.de/Lebensmittel/Suess-Salzig/Fruchtgummi-Lakritz/Trolli-Wurrli-150G.html,https://www.edeka24.de/out/pictures/generated/product/1/540_540_90/trolli_wurrli_mit_fruchtsaft_150g.jpg
2935,Lebensmittel,Süß & Salzig,Fruchtgummi & Lakritz,nimm2 Lachgummi Frucht und Joghurt 250G,"1,29 €","5,16 €/kg","inkl. MwSt., zzgl. 4.95 € Versandkosten.",lieferbar innerhalb von 2-5 Werktagen,2023-05-03 01:39:41.223252,Fruchtgummi mit Vitaminen mit einer Magermilchjoghurt enthaltenden Schicht (40%),Hinweis zur Aufbewahrung: Vor Wärme und Feuchtigkeit schützen.,"Verantwortliches Lebensmittelunternehmen:
August Storck KG, Waldstr. 27, D-13403 Berlin","Zutatenverzeichnis: Glukosesirup, Zucker, Gelatine, Fruchtsaft (5%) aus Fruchtsaftkonzentrat (Traube, Holunder), MAGERMILCHJOGHURTPULVER (2,1%), Säuerungsmittel (Citronensäure, Milchsäure), Geliermittel Pektin, Aromen, hydrolysiertes MILCHEIWEIß, färbende Konzentrate (Schwarze Karotte, Spirulina), Niacin, Vitamin E, Pantothensäure, färbender Kurkuma-Auszug, Vitamin B6, Biotin, Vitamin B12, Überzugsmittel (Carnaubawachs, Bienenwachs, weiß und gelb).",334,1418,"0,2","0,2","75,6","52,9","6,1","0,17",https://www.edeka24.de/Lebensmittel/Suess-Salzig/Fruchtgummi-Lakritz/nimm2-Lachgummi-Frucht-und-Joghurt-250G.html,https://www.edeka24.de/out/pictures/generated/product/1/540_540_90/lachgummifruchtjoghurt.jpg
2936,Lebensmittel,Süß & Salzig,Fruchtgummi & Lakritz,nimm2 Lachgummi Minis 210G,"1,89 €","9,00 €/kg","inkl. MwSt., zzgl. 4.95 € Versandkosten.",lieferbar innerhalb von 2-5 Werktagen,2023-05-03 01:39:44.098182,Fruchtgummi mit Vitaminen,Hinweis zur Aufbewahrung: Vor Wärme und Feuchtigkeit schützen.,"Verantwortliches Lebensmittelunternehmen:
August Storck KG, Waldstr. 27, D-13403 Berlin","Zutatenverzeichnis: Glukosesirup, Zucker, Gelatine, Fruchtsaft (5%) aus Fruchtsaftkonzentrat (Traube, Holunder), Säuerungsmittel (Citronensäure, Milchsäure), Aromen, färbende Konzentrate (Schwarze Karotte, Spirulina), Niacin, Vitamin E, Pantothensäure, färbender Kurkuma-Auszug, Vitamin B6, Biotin, Vitamin B12, Überzugsmittel (Carnaubawachs, Bienenwachs, weiß und gelb). KANN AUCH ANTEILE VON MILCH ENTHALTEN.",1426,336,"0,2","0,2","75,9","55,1","6,5","0,1",https://www.edeka24.de/Lebensmittel/Suess-Salzig/Fruchtgummi-Lakritz/nimm2-Lachgummi-Minis-210G.html,https://www.edeka24.de/out/pictures/generated/product/1/540_540_90/nimm2lachgummi_minis.jpg
2937,Lebensmittel,Süß & Salzig,Fruchtgummi & Lakritz,Hitschler Erdbeer Schnüre 125G,"1,09 €","8,72 €/kg","inkl. MwSt., zzgl. 4.95 € Versandkosten.",lieferbar innerhalb von 2-5 Werktagen,2023-05-03 01:39:46.942598,Fruchtgummi - Erdbeergeschmack,Hinweis zur Aufbewahrung: Wärmegeschützt und trocken lagern.,"Verantwortliches Lebensmittelunternehmen:
hitschler International GmbH & Co. KG, Aachener Str. 1042, 50858 Köln","Zutatenverzeichnis: Glucose-Frutose-Sirup, WEIZENMEHL, Zucker, Dextrose, Pflanzliches Öl (Palme), Säuerungsmittel: Citronensäure; Aroma, Fruchtextrakte: Apfel; Pflanzenextrakte: Kürbis, Tomate, Radieschen; Antioxidationsmittel: Ascorbinsäure E306; Überzugsmittel: Bienenwachs.",1535,363,3,"1,5",79,52,"3,3","0,1",https://www.edeka24.de/Lebensmittel/Suess-Salzig/Fruchtgummi-Lakritz/Hitschler-Erdbeer-Schnuere-125G.html,https://www.edeka24.de/out/pictures/generated/product/1/540_540_90/hitschlerschnreerdb.jpg
2938,Lebensmittel,Süß & Salzig,Fruchtgummi & Lakritz,Katjes Family Glücksherzen 275G,"1,09 €","3,96 €/kg","inkl. MwSt., zzgl. 4.95 € Versandkosten.",lieferbar innerhalb von 2-5 Werktagen,2023-05-03 01:39:49.791505,Fruchtgummi,,"Verantwortliches Lebensmittelunternehmen:
Katjes Fassin GmbH & Co. KG, 46426 Emmerich","Zutatenverzeichnis: Fruktose-Glukose-Sirup, Glukosesirup, modifizierte Stärke, Zucker, Geliermittel: Pektine, Säuerungsmittel (Citronensäure, Äpfelsäure, Milchsäure), hydrolysiertes Erbsenprotein, natürliche Aromen, färbende Frucht- und Pflanzenkonzentrate (Schwarze Karotte, Saflor, Rettich, Apfel, Zitrone, Schwarze Johannisbeere), Salz, natürliches Orangen-Aroma, färbendes Spirulinakonzentrat, Sonnenblumenöl, Überzugsmittel: Carnaubawachs.",1459,343,"0,2","0,1",84,60,"0,1","0,13",https://www.edeka24.de/Lebensmittel/Suess-Salzig/Fruchtgummi-Lakritz/Katjes-Family-Gluecksherzen-275G.html,https://www.edeka24.de/out/pictures/generated/product/1/540_540_90/katjes_family_glamp252cksherzen_275g.jpg
2939,Lebensmittel,Süß & Salzig,Fruchtgummi & Lakritz,Katjes Tropenfrüchte 200G,"1,19 €","5,95 €/kg","inkl. MwSt., zzgl. 4.95 € Versandkosten.",lieferbar innerhalb von 2-5 Werktagen,2023-05-03 01:39:52.334510,Fruchtgummi,,"Verantwortliches Lebensmittelunternehmen:
Katjes Fassin GmbH + Co. KG, Dechant-Sprünken-Str. 53-57, 46446 Emmerich","Zutatenverzeichnis: Zucker, Glukosesirup, modifizierte Stärke, Glukose-Fruktose-Sirup, 6 % Fruchtsaft aus Fruchtsaftkonzentrat (2,7 % Apfel, 1,1 % Kiwi, 0,9 % Mandarine, 0,3 % Passionsfrucht, 0,3 % Holunderbeere, 0,3 % Ananas, 0,2 % Blutorange, 0,2 % Grapefruit, 0,02 % Guave,), Säuerungsmittel (Citronensäure, Äpfelsäure, Milchsäure), 1 % Mangomark, natürliche Aromen, natürliches Grapefruit-Aroma, Verdickungsmittel: Johannisbrotkernmehl und Xanthan, Frucht- und Pflanzenkonzentrate (Apfel, Saflor), Spirulinakonzentrat, pflanzliches Öl (Sonnenblume), Überzugsmittel: Bienenwachs, weiß und gelb.",1450,341,"0,2","0,1",83,59,"0,1","0,05",https://www.edeka24.de/Lebensmittel/Suess-Salzig/Fruchtgummi-Lakritz/Katjes-Tropenfruechte-200G.html,https://www.edeka24.de/out/pictures/generated/product/1/540_540_90/katjestropenfrchte.jpg
2940,Lebensmittel,Süß & Salzig,Fruchtgummi & Lakritz,Katjes Fred Ferkel 200G,"1,19 €","5,95 €/kg","inkl. MwSt., zzgl. 4.95 € Versandkosten.",lieferbar innerhalb von 2-5 Werktagen,2023-05-03 01:39:54.923776,Schaumzucker mit Fruchtgummi,,"Verantwortliches Lebensmittelunternehmen:
Katjes Fassin GmbH + Co. KG, Dechant-Sprünken-Str. 53-57, 46446 Emmerich","Zutatenverzeichnis: Glukosesirup, Zucker, modifizierte Stärke, Dextrose, Fruchtsaft aus Fruchtsaftkonzentrat (Apfel, Mandarine, Holunderbeere), Säuerungsmittel (Citronensäure, Äpfelsäure, Milchsäure), Kartoffelprotein, natürliche Aromen, Fruchtkonzentrate (Holunderbeere, rote Traube, schwarze Johannisbeere), hydrolysiertes Erbsenprotein, pflanzliches Öl (Sonnenblume), Überzugsmittel: Bienenwachs, weiß und gelb.",345,1465,"0,2","0,1",84,59,"0,9","0,05",https://www.edeka24.de/Lebensmittel/Suess-Salzig/Fruchtgummi-Lakritz/Katjes-Fred-Ferkel-200G.html,https://www.edeka24.de/out/pictures/generated/product/1/540_540_90/katjesfredferkel.jpg
2941,Lebensmittel,Süß & Salzig,Fruchtgummi & Lakritz,Hitschler Apfel Schnüre 125G,"1,09 €","8,72 €/kg","inkl. MwSt., zzgl. 4.95 € Versandkosten.",lieferbar innerhalb von 2-5 Werktagen,2023-05-03 01:39:57.917176,Fruchtgummi-Apfelgeschmack,Hinweis zur Aufbewahrung: Wärmegeschützt und trocken lagern.,"Verantwortliches Lebensmittelunternehmen:
Hitschler International GmbH & Co. KG, Aachener Str. 1042, 50858 Köln","Zutatenverzeichnis: Glucose-Fructose-Sirup, WEIZENMEHL, Zucker, Dextrose, Pflanzliches Öl (Palme), Säuerungsmittel: Citronensäure; Aroma, Farbstoffe: Kurkumin, Patentblau V; Antioxidationsmittel: Ascorbinsäure, E 306; Überzugsmittel: Weißes Bienenwachs.",1535,363,3,"1,5",79,52,"3,3","0,1",https://www.edeka24.de/Lebensmittel/Suess-Salzig/Fruchtgummi-Lakritz/Hitschler-Apfel-Schnuere-125G.html,https://www.edeka24.de/out/pictures/generated/product/1/540_540_90/888-apfel-schnuere-125g-btl.png
2942,Lebensmittel,Süß & Salzig,Fruchtgummi & Lakritz,Katjes Sheroes 200G,"1,19 €","5,95 €/kg","inkl. MwSt., zzgl. 4.95 € Versandkosten.",lieferbar innerhalb von 2-5 Werktagen,2023-05-03 01:40:01.087981,"Mischung aus Fruchtgummi, Lakritz und Schaumzucker",,"Verantwortliches Lebensmittelunternehmen:
Katjes Fassin GmbH & Co. KG, 46426 Emmerich","Zutatenverzeichnis: Glukosesirup, Zucker, modifizierte Stärke, Glukose-Fruktose-Sirup, 2,2 % Süßholzsaft, brauner Zuckersirup, Säuerungsmittel (Citronensäure, Äpfelsäure, Milchsäure), Aromen, Kartoffelprotein, färbende Frucht- und Pflanzenkonzentrate (Süßkartoffel, Saflor, Kurkuma, Apfel), färbendes Spirulinakonzentrat, Sonnenblumenöl, Überzugsmittel: Carnaubawachs.",1472,346,"0,2","<0,1",85,58,"0,3","0,06",https://www.edeka24.de/Lebensmittel/Suess-Salzig/Fruchtgummi-Lakritz/Katjes-Sheroes-200G.html,https://www.edeka24.de/out/pictures/generated/product/1/540_540_90/katjessheroes.jpg
2943,Lebensmittel,Süß & Salzig,Fruchtgummi & Lakritz,Katjes Grün-Ohr Hase 200G,"1,19 €","5,95 €/kg","inkl. MwSt., zzgl. 4.95 € Versandkosten.",lieferbar innerhalb von 2-5 Werktagen,2023-05-03 01:40:09.630278,Schaumzucker mit Fruchtgummi,,"Verantwortliches Lebensmittelunternehmen:
Katjes Fassin GmbH + Co. KG, Dechant-Sprünken-Str. 53-57, 46446 Emmerich","Zutatenverzeichnis: Glukosesirup, Zucker, Maltodextrin, Glukose-Fruktose-Sirup, 2,5% Fruchtsaft aus Fruchtsaftkonzentrat (Apfel, Holunderbeere), Säureregulatoren: Kaliumnatriumtartrat und Kaliumcitrat, Säuerungsmittel: Citronensäure, Geliermittel: Pektin, Kartoffelprotein, natürliche Aromen, Frucht- und Pflanzenkonzentrate (Apfel, Saflor, schwarze Karotte), hydrolysiertes Erbsenprotein, Spirulinakonzentrat, pflanzliches Öl (Sonnenblume), Überzugsmittel: Bienenwachs, weiß und gelb.",1446,340,"0,2","0,1",82,51,"0,4","0,33",https://www.edeka24.de/Lebensmittel/Suess-Salzig/Fruchtgummi-Lakritz/Katjes-Gruen-Ohr-Hase-200G.html,https://www.edeka24.de/out/pictures/generated/product/1/540_540_90/katjesgoh.png
2944,Lebensmittel,Süß & Salzig,Fruchtgummi & Lakritz,Trolli The Squiggles 200G,"1,19 €","5,95 €/kg","inkl. MwSt., zzgl. 4.95 € Versandkosten.",lieferbar innerhalb von 2-5 Werktagen,2023-05-03 01:40:12.421030,Gummibonbon,Hinweis zur Aufbewahrung: Vor Wärme und Feuchtigkeit schützen.,"Verantwortliches Lebensmittelunternehmen:
Trolli GmbH, Oststr. 94, 90763 Fürth","Zutatenverzeichnis: Glukosesirup; Zucker; Gelatine; Säuerungsmittel: Citronensäure, Milchsäure, Äpfelsäure; färbende Lebensmittel (Schwarze Johannisbeere, Paprika, Karotte, Curcuma, Spirulina); natürliche Aromen; Überzugsmittel: Bienenwachs, weiß und gelb, Carnaubawachs.",1421,334,"0,1","0,1",76,43,"5,9","0,2",https://www.edeka24.de/Lebensmittel/Suess-Salzig/Fruchtgummi-Lakritz/Trolli-The-Squiggles-200G.html,https://www.edeka24.de/out/pictures/generated/product/1/540_540_90/trolli_the_squiggles_200g.jpg
2945,Lebensmittel,Süß & Salzig,Fruchtgummi & Lakritz,Nimm2 Lachgummi Yo Dinos 300G,"1,29 €","4,30 €/kg","inkl. MwSt., zzgl. 4.95 € Versandkosten.",lieferbar innerhalb von 2-5 Werktagen,2023-05-03 01:40:15.684878,-,,"Verantwortliches Lebensmittelunternehmen:
August Storck KG, D-13403 Berlin","Zutatenverzeichnis: Glukosesirup, Zucker, modifizierte Stärke, MAGERMILCHJOGHURTPULVER (5,5%), Fruchtsaft (5,5%) aus Fruchtsaftkonzentrat (Traube, Holunderbeere), Säuerungsmittel (Milchsäure, Citronensäure), hydrolysiertes MILCHEIWEISS, natürliche Aromen, Säureregulator Natriumlactat, Geliermittel Pektine, färbende Konzentrate (Schwarze Karotte, Spirulina), Niacin, Vitamin E, Pantothensäure, färbender Kurkuma-Auszug, Vitamin B6, Biotin, Vitamin B12, Überzugsmittel (Carnaubawachs, Bienenwachs, weiß und gelb).",,,,,,,,,https://www.edeka24.de/Lebensmittel/Suess-Salzig/Fruchtgummi-Lakritz/Nimm2-Lachgummi-Yo-Dinos-300G.html,https://www.edeka24.de/out/pictures/generated/product/1/540_540_90/nimm2_lachgummi_yo_dinos_300g.jpg
2946,Lebensmittel,Süß & Salzig,Fruchtgummi & Lakritz,Katjes Wunderland Pink 200G,"1,19 €","5,95 €/kg","inkl. MwSt., zzgl. 4.95 € Versandkosten.",lieferbar innerhalb von 2-5 Werktagen,2023-05-03 01:40:18.456657,Fruchtgummi,,"Verantwortliches Lebensmittelunternehmen:
Katjes Fassin GmbH + Co. KG, Dechant-Sprünken-Str. 53-57, 46446 Emmerich","Zutatenverzeichnis: Glukosesirup, Zucker, modifizierte Stärke, Glukose-Fruktose-Sirup, Säuerungsmittel, (Citronensäure, Äpfelsäure, Milchsäure), natürliche Aromen, Frucht- und Pflanzenkonzentrate (schwarze Karotte, Rotkohl, rote Traube, schwarze Johannisbeere, Apfel), Spirulinakonzentrat, pflanzliches Öl (Sonnenblume), Überzugsmittel: Bienenwachs weiß und gelb.",335,1424,"0,2","0,1",82,56,"0,1","0,03",https://www.edeka24.de/Lebensmittel/Suess-Salzig/Fruchtgummi-Lakritz/Katjes-Wunderland-Pink-200G.html,https://www.edeka24.de/out/pictures/generated/product/1/540_540_90/katjeswunderlandpink.jpg
2947,Lebensmittel,Süß & Salzig,Fruchtgummi & Lakritz,Hitschler Bunte Schnüre 125G,"1,09 €","8,72 €/kg","inkl. MwSt., zzgl. 4.95 € Versandkosten.",lieferbar innerhalb von 2-5 Werktagen,2023-05-03 01:40:21.334763,Fruchtgummi in 4 Geschmacksrichtungen,Hinweis zur Aufbewahrung: Wärmegeschützt und trocken lagern.,"Verantwortliches Lebensmittelunternehmen:
Hitschler International GmbH & Co. KG, Aachener Str. 1042, 50858 Köln","Zutatenverzeichnis: Glucose-Fructose-Sirup, WEIZENMEHL, Zucker, Dextrose, Pflanzliches Öl (Palme), Säuerungsmittel: Citronensäure; Aroma, Fruchtextrakt: Apfel; Pflanzenextrakt: Tomate, Kürbis, Radieschen; Farbstoff: Kurkumin, Patentblau V, Brilliantblau FCF, Titandioxid; Antioxidationsmittel: Ascorbinsäure, E306; Überzugsmittel: Bienenwachs.",363,1535,3,"1,5",79,52,"3,3","0,1",https://www.edeka24.de/Lebensmittel/Suess-Salzig/Fruchtgummi-Lakritz/Hitschler-Bunte-Schnuere-125G.html,https://www.edeka24.de/out/pictures/generated/product/1/540_540_90/hitschlerschnre.jpg
2948,Lebensmittel,Süß & Salzig,Fruchtgummi & Lakritz,Trolli Mini Burger 170G,"2,79 €","16,41 €/kg","inkl. MwSt., zzgl. 4.95 € Versandkosten.",lieferbar innerhalb von 2-5 Werktagen,2023-05-03 01:40:24.384934,Schaumzucker Gummibonbon; Schaumzuckerbonbon,Hinweis zur Aufbewahrung: Vor Wärme und Feuchtigkeit schützen,"Verantwortliches Lebensmittelunternehmen:
Trolli GmbH, Oststr. 94, 90763 Fürth","Zutatenverzeichnis: Glukosesirup; Zucker; Gelatine; Säuerungsmittel: Citronensäure, Milchsäure; Geliermittel: Pektin; färbende Lebensmittel (schw. Johannisbeere, Karotte, Curcuma, Saflor, Zitrone, Rettich, Spirulina); Aromen; Palmkernöl; Überzugsmittel: Bienenwachs, weiß und gelb, Carnaubawachs",1439,339,"0,1","0,1",77,48,"5,5","0,2",https://www.edeka24.de/Lebensmittel/Suess-Salzig/Fruchtgummi-Lakritz/Trolli-Mini-Burger-170G.html,https://www.edeka24.de/out/pictures/generated/product/1/540_540_90/trolliminiburger.jpg
2949,Lebensmittel,Süß & Salzig,Schoko- Leckereien,Milka I Love Milka Hauchzarte Herzen Alpenmilch-Schokolade 130G,"2,49 €","19,15 €/kg","inkl. MwSt., zzgl. 4.95 € Versandkosten.",lieferbar innerhalb von 2-5 Werktagen,2023-05-03 01:40:26.964779,Alpenmilch Schokolade.,Hinweis zur Aufbewahrung: Trocken lagern und vor Wärme schützen.,"Verantwortliches Lebensmittelunternehmen:
Mondelez Deutschland, D-28078 Bremen","Zutatenverzeichnis: Zucker, Kakaobutter, MAGERMILCHPULVER, Kakaomasse, Süssmolkenpulver (aus MILCH), BUTTERREINFETT, HASELNÜSSE, Emulgator SOJA-LECITHIN, Aroma Vanillin. Kakao: 30 % mindestens. Kann andere NÜSSE enthalten.",2288,548,33,19,56,55,6,"0,35",https://www.edeka24.de/index.php?cl=details&anid=ahFkrbWgE3H9pChGWBzBEd-1&emcs0=3&emcs1=Kategorieseite%20-%20Topseller&emcs2=&emcs3=511043002,https://www.edeka24.de/out/pictures/generated/product/1/540_540_90/milka_i_love_milka_hauchzarte_herzen_alpenmilchschokolade_130g.jpg
2950,Lebensmittel,Süß & Salzig,Schoko- Leckereien,Ferrero Mon Chéri Pralinen 15 Stück 157G,"3,29 €","20,96 €/kg","inkl. MwSt., zzgl. 4.95 € Versandkosten.",lieferbar innerhalb von 2-5 Werktagen,2023-05-03 01:40:29.908741,Likör-Kirsch-Pralinen.,Hinweis zur Aufbewahrung: Kühl und trocken aufbewahren,"Verantwortliches Lebensmittelunternehmen:
FERRERO Deutschland GmbH, 60624 Frankfurt am Main GERMANY","Zutatenverzeichnis: Halbbitterschokolade 49 % (Zucker, Kakaomasse, Kakaobutter, EmulgatorLecithine (SOJA), Vanillin), Zucker, Kirsche (18 %), Likör 13 %(Glukosesirup, Wasser, Alkohol, Zucker, Aromen), Kakaobutter.Kann MILCHBESTANDTEILE enthalten.",1902,455,"20,3","13,2","52,8","48,3","3,4","0,005",https://www.edeka24.de/index.php?cl=details&anid=fBdofM2WbCzhKolGWBzBEd-1&emcs0=3&emcs1=Kategorieseite%20-%20Topseller&emcs2=&emcs3=120937006,https://www.edeka24.de/out/pictures/generated/product/1/540_540_90/1026_front.jpg
2951,Lebensmittel,Süß & Salzig,Schoko- Leckereien,Alnatura Bio Pralinen Variationen 100G,"3,00 €","30,00 €/kg","inkl. MwSt., zzgl. 4.95 € Versandkosten.",lieferbar innerhalb von 2-5 Werktagen,2023-05-03 01:40:32.915066,Bio Pralinenmischung,Hinweis zur Aufbewahrung: Bitte trocken lagern und vor Wärme schützen.,"Verantwortliches Lebensmittelunternehmen:
Alnatura Produktions- und Handels GmbH, Mahatma-Gandhi-Str. 7, 64295 Darmstadt","Zutatenverzeichnis: Rohrohrzucker*, Kakaomasse*, Kakaobutter*, VOLLMILCHPULVER*,HASELNÜSSE* 7%, BUTTERREINFETT*, SAHNE*, MANDELN* 3,3%, Instant-Kaffee*,PISTAZIEN* 0,4%, Kakaobohnensplitter* geröstet, Emulgator: SOJALECITHIN*,Meersalz *aus biologischer Landwirtschaft.",2320,558,40,21,40,38,"7,8","0,1",https://www.edeka24.de/index.php?cl=details&anid=c8028cda106331414568ee6a5dcdc8d5&emcs0=3&emcs1=Kategorieseite%20-%20Topseller&emcs2=&emcs3=2968042007,https://www.edeka24.de/out/pictures/generated/product/1/540_540_90/alnatura_bio_pralinen_variationen_100_g.jpg
2952,Lebensmittel,Süß & Salzig,Schoko- Leckereien,Giotto Haselnuss Mini-Stangen 116G,"2,69 €","23,19 €/kg","inkl. MwSt., zzgl. 4.95 € Versandkosten.",lieferbar innerhalb von 2-5 Werktagen,2023-05-03 01:40:36.331667,Gefüllte Haselnuss-Gebäckspezialität mit feiner Haselnuss-Magermilchcreme (45 %).,Hinweis zur Aufbewahrung: Kühl und trocken aufbewahren,"Verantwortliches Lebensmittelunternehmen:
Ferrero Deutschland GmbH, Hainer Weg 120, D-60599 Frankfurt am Main","Zutatenverzeichnis: HASELNÜSSE (37 %), pflanzliche Fette (Palm, Shea), Zucker, WEIZENMEHL, MAGERMILCHPULVER (7 %), SÜSSMOLKENPULVER, Kakaomasse, Emulgator Lecithine (SOJA), Salz, Vanillin, Backtriebmittel Natriumhydrogencarbonat. Kann Spuren von MANDELN enthalten.",632,2625,48,"14,2","38,4","32,3","10,1","0,305",https://www.edeka24.de/index.php?cl=details&anid=NRSBkml9ezhnduiGWBzBEd-1&emcs0=3&emcs1=Kategorieseite%20-%20Topseller&emcs2=&emcs3=603902000,https://www.edeka24.de/out/pictures/generated/product/1/540_540_90/giotto_haselnuss_ministangen_116_g.jpg
2953,Lebensmittel,Süß & Salzig,Schoko- Leckereien,Merci Finest Selection Große Vielfalt 250G,"3,49 €","13,96 €/kg","inkl. MwSt., zzgl. 4.95 € Versandkosten.",lieferbar innerhalb von 2-5 Werktagen,2023-05-03 01:40:39.347521,Gefüllte und nicht gefüllte Schokoladen-Spezialitäten.,Hinweis zur Aufbewahrung: Vor Wärme schützen.,"Verantwortliches Lebensmittelunternehmen:
August Storck KG, Waldstr. 27, D-13403 Berlin","Zutatenverzeichnis: Je nach Sorte: Zucker, Kakaobutter, Kakaomasse, VOLLMILCHPULVER, pflanzliche Fette (Palm, Shea), HASELNÜSSE, MANDELN, SAHNEPULVER, MILCHZUCKER, MOLKENERZEUGNIS, BUTTERMILCHPULVER, BUTTERREINFETT, Dextrose, MAGERMILCHPULVER, magerer Kakao, Emulgator Lecithine (SOJA), Fruktose, Glukosesirup, Kaffee, Invertzuckersirup, Aromen, Salz. ALLE SORTEN KÖNNEN AUCH ANTEILE VON HASELNUSS, MANDEL, ERDNUSS, ANDEREN NÜSSEN UND EI ENTHALTEN.",2343,562,"36,4",20,"49,6","47,8","7,5","0,17",https://www.edeka24.de/index.php?cl=details&anid=TLlKlNYrlMhnduiGWBzBEd-1&emcs0=3&emcs1=Kategorieseite%20-%20Topseller&emcs2=&emcs3=120923007,https://www.edeka24.de/out/pictures/generated/product/1/540_540_90/merci-finest-selection-250-gramm.jpg
2954,Lebensmittel,Süß & Salzig,Schoko- Leckereien,Storck Toffifee Double Chocolate 125G,"1,49 €","11,92 €/kg","inkl. MwSt., zzgl. 4.95 € Versandkosten.",lieferbar innerhalb von 2-5 Werktagen,2023-05-03 01:40:41.999112,Die Haselnuss (10%) in Caramel (41%) mit Schokolade-Haselnuss-Creme-Füllung (37%) und Schokolade (12%),Hinweis zur Aufbewahrung: Vor Wärme schützen.,"Verantwortliches Lebensmittelunternehmen:
August Storck KG, Waldstr. 27, 13403 Berlin","Zutatenverzeichnis: Zucker, pflanzliche Fette (Palm, Shea), HASELNÜSSE (12,4%), Glukosesirup, Kakao (6,7%), MAGERMILCHPULVER, Feuchthaltemittel Sorbitsirup, Kakaomasse, kondensierte MAGERMILCH, kondensierte SÜSSMOLKE, Kakaobutter, BUTTERREINFETT, Rohrzuckersirup, MOLKENERZEUGNIS, Emulgator Lecithine (SOJA), Salz, Aromen. Kann auch Anteile von MANDEL, ERDNUSS und anderen NÜSSEN enthalten.",517,2158,"29,6","13,5","55,2","44,9","6,7","0,27",https://www.edeka24.de/Lebensmittel/Suess-Salzig/Schoko-Leckereien/Storck-Toffifee-Double-Chocolate-125G.html,https://www.edeka24.de/out/pictures/generated/product/1/540_540_90/toffifee_double_chocolate_15st_125g.jpg
2955,Lebensmittel,Süß & Salzig,Schoko- Leckereien,Merci Black & White Selection Limited Edition 240G MHD 01.06.,"3,49 €","14,54 €/kg","inkl. MwSt., zzgl. 4.95 € Versandkosten.",lieferbar innerhalb von 2-5 Werktagen (geringer Lagerbestand),2023-05-03 01:40:44.763825,4 erlesene Schokoladen-Spezialitäten,Hinweis zur Aufbewahrung: Vor Wärme schützen.,"Verantwortliches Lebensmittelunternehmen:
AUGUST STORCK KG, Waldstr. 27, D-13403 Berlin","Zutatenverzeichnis: Zucker, Kakaomasse, Kakaobutter, VOLLMILCHPULVER, pflanzliche Fette (Palm, Shea), MANDELN (5,2%), SAHNEPULVER, BUTTERREINFETT, MAGERMILCHPULVER, MILCHZUCKER, MOLKENERZEUGNIS, Reismehl, WEIZENMEHL, Emulgator Lecithine (SOJA), BUTTERMILCHPULVER, magerer Kakao, WEIZENEIWEISS, Aromen, Salz, WEIZENMALZ, Backtriebmittel (Ammoniumhydrogencarbonat, Natriumhydrogencarbonat, Kaliumcarbonate). Kakao: 28% minestens im weißen Schokoladenanteil. Kakao: 50% mindestens im Edel-Zartbitterschokoladenanteil. Alle Sorten können auch Anteile von HASELNUSS, MANDEL, ERDNUSS, anderen NÜSSEN, WEIZEN und EI enthalten.",2432,585,"40,2",23,"45,9","43,4","7,8","0,24",https://www.edeka24.de/Lebensmittel/Suess-Salzig/Schoko-Leckereien/Merci-Black-White-Selection-Limited-Edition-240G-MHD-01-06.html,https://www.edeka24.de/out/pictures/generated/product/1/540_540_90/mercibw.jpg
2956,Lebensmittel,Süß & Salzig,Schoko- Leckereien,Storck Toffifee 125G,"1,59 €","12,72 €/kg","inkl. MwSt., zzgl. 4.95 € Versandkosten.",lieferbar innerhalb von 2-5 Werktagen,2023-05-03 01:40:47.728097,Haselnuss (10%) in Karamell (41%) mit Nougatcreme (37%) und Schokolade (12%).,Hinweis zur Aufbewahrung: trocken und kühl lagern.,"Verantwortliches Lebensmittelunternehmen:
August Storck KG, Waldstr. 27, D-13403 Berlin","Zutatenverzeichnis: Zucker, pflanzliche Fette (Palm, Shea), HASELNÜSSE, Glukosesirup, MOLKENERZEUGNIS, Feuchthaltemittel Sorbitsirup, Kakaomasse, kondensierte MAGERMILCH, kondensierte SÜßMOLKE, MILCHZUCKER, magerer Kakao, Kakaobutter, BUTTERREINFETT, MAGERMILCHPULVER, Rohrzuckersirup, Emulgator Lecithine (SOJA), Salz, Aromen.#KANN AUCH ANTEILE VON MANDEL, ERDNUSS UND ANDEREN NÜSSEN ENTHALTEN.",2153,516,"28,7","12,6","58,5","48,5","5,9","0,22",https://www.edeka24.de/Lebensmittel/Suess-Salzig/Schoko-Leckereien/Storck-Toffifee-125G.html,https://www.edeka24.de/out/pictures/generated/product/1/540_540_90/storck_toffifee.jpg
2957,Lebensmittel,Süß & Salzig,Schoko- Leckereien,Milka I Love Milka Hauchzarte Herzen Alpenmilch-Schokolade 130G,"2,49 €","19,15 €/kg","inkl. MwSt., zzgl. 4.95 € Versandkosten.",lieferbar innerhalb von 2-5 Werktagen,2023-05-03 01:40:50.684217,Alpenmilch Schokolade.,Hinweis zur Aufbewahrung: Trocken lagern und vor Wärme schützen.,"Verantwortliches Lebensmittelunternehmen:
Mondelez Deutschland, D-28078 Bremen","Zutatenverzeichnis: Zucker, Kakaobutter, MAGERMILCHPULVER, Kakaomasse, Süssmolkenpulver (aus MILCH), BUTTERREINFETT, HASELNÜSSE, Emulgator SOJA-LECITHIN, Aroma Vanillin. Kakao: 30 % mindestens. Kann andere NÜSSE enthalten.",2288,548,33,19,56,55,6,"0,35",https://www.edeka24.de/Lebensmittel/Suess-Salzig/Schoko-Leckereien/Milka-I-Love-Milka-Hauchzarte-Herzen-Alpenmilch-Schokolade-130G.html,https://www.edeka24.de/out/pictures/generated/product/1/540_540_90/milka_i_love_milka_hauchzarte_herzen_alpenmilchschokolade_130g.jpg
2958,Lebensmittel,Süß & Salzig,Schoko- Leckereien,Ferrero Mon Chéri Pralinen 15 Stück 157G,"3,29 €","20,96 €/kg","inkl. MwSt., zzgl. 4.95 € Versandkosten.",lieferbar innerhalb von 2-5 Werktagen,2023-05-03 01:40:53.537993,Likör-Kirsch-Pralinen.,Hinweis zur Aufbewahrung: Kühl und trocken aufbewahren,"Verantwortliches Lebensmittelunternehmen:
FERRERO Deutschland GmbH, 60624 Frankfurt am Main GERMANY","Zutatenverzeichnis: Halbbitterschokolade 49 % (Zucker, Kakaomasse, Kakaobutter, EmulgatorLecithine (SOJA), Vanillin), Zucker, Kirsche (18 %), Likör 13 %(Glukosesirup, Wasser, Alkohol, Zucker, Aromen), Kakaobutter.Kann MILCHBESTANDTEILE enthalten.",1902,455,"20,3","13,2","52,8","48,3","3,4","0,005",https://www.edeka24.de/Lebensmittel/Suess-Salzig/Schoko-Leckereien/Ferrero-Mon-Ch-ri-Pralinen-15-Stueck-157G.html,https://www.edeka24.de/out/pictures/generated/product/1/540_540_90/1026_front.jpg
2959,Lebensmittel,Süß & Salzig,Schoko- Leckereien,EDEKA Jamaica Rumkugeln 250G,"1,29 €","5,16 €/kg","inkl. MwSt., zzgl. 4.95 € Versandkosten.",lieferbar innerhalb von 2-5 Werktagen,2023-05-03 01:40:56.142191,Rumkugeln mit 4% Jamaica-Rum,Hinweis zur Aufbewahrung: Vor Wärme geschützt und trocken lagern.,"Verantwortliches Lebensmittelunternehmen:
EDEKA ZENTRALE Stiftung & Co. KG, D-22291 Hamburg","Zutatenverzeichnis: Kakaohaltige Masse mit Rum (Zucker, Glukosesirup, fettarmes Kakaopulver, Palmfett, Rum, gemahlene MANDELN, Kakaomasse, Kakaobutter, Feuchthaltemittel: Invertase; Stabilisator: Agar-Agar; Emulgator: Lecithine), Zuckerstreusel (Zucker, fettarmes Kakaopulver, Glukosesirup, Verdickungsmittel: Gummi arabicum, Palmfett). Das Produkt kann Spuren von GLUTEN, EIERN, SOJA, MILCH und anderen SCHALENFRÜCHTEN enthalten.",390,1649,"7,4","3,3","77,9","77,3","1,9","0,03",https://www.edeka24.de/Lebensmittel/Suess-Salzig/Schoko-Leckereien/EDEKA-Jamaica-Rumkugeln-250G.html,https://www.edeka24.de/out/pictures/generated/product/1/540_540_90/edekarumkug.jpg
2960,Lebensmittel,Süß & Salzig,Schoko- Leckereien,Kinder Schoko-Bons 200G,"2,79 €","13,95 €/kg","inkl. MwSt., zzgl. 4.95 € Versandkosten.",lieferbar innerhalb von 2-5 Werktagen,2023-05-03 01:40:58.628883,"Gefüllte Vollmilchschokoladeneier mit Milchfüllung (42,5 %) und fein gehackten Haselnüssen.",,"Verantwortliches Lebensmittelunternehmen:
Ferrero Deutschland GmbH, Hainer Weg 120, D-60599 Frankfurt am Main","Zutatenverzeichnis: VOLLMILCHSCHOKOLADE 50 % (Zucker, VOLLMILCHPULVER, Kakaobutter, Kakaomasse, Emulgator Lecithine (SOJA), Vanillin), Zucker, MAGERMILCHPULVER, Palmöl, HASELNÜSSE (5,8 %), BUTTERREINFETT, Halbbitterschokolade (Zucker, Kakaomasse, Kakaobutter, Emulgator Lecithine (SOJA), Vanillin), Überzugsmittel: Gummi arabicum, Schellack, Glukosesirup, Emulgator Lecithine (SOJA), Aromen. Gesamtmilchbestandteile im Produkt 28%. Gesamtkakaobestandteile im Produkt 16,5%.",2401,576,"36,6","21,2","52,5","52,2","8,3","0,28",https://www.edeka24.de/Lebensmittel/Suess-Salzig/Schoko-Leckereien/Kinder-Schoko-Bons-200G.html,https://www.edeka24.de/out/pictures/generated/product/1/540_540_90/kinder_schokobons.jpg
2961,Lebensmittel,Süß & Salzig,Schoko- Leckereien,Ferrero Kinder Bueno Mini 108G,"2,19 €","20,28 €/kg","inkl. MwSt., zzgl. 4.95 € Versandkosten.",lieferbar innerhalb von 2-5 Werktagen,2023-05-03 01:41:01.549033,"Waffel mit feiner Milchhaselnusscreme-Füllung (54%), überzogen mit Milchschokolade.",Hinweis zur Aufbewahrung: Kühl und trocken aufbewahren.,"Verantwortliches Lebensmittelunternehmen:
Ferrero oHG mbH, Michele-Ferrero-Str. 1, 35260 Stadtallendorf","Zutatenverzeichnis: MILCHSCHOKOLADE 31 % (Zucker, Kakaobutter, Kakaomasse,MAGERMILCHPULVER, BUTTERREINFETT, Emulgator Lecithine (SOJA), Vanillin), Zucker, Palmöl, WEIZENMEHL, HASELNÜSSE (10,8 %), MAGERMILCHPULVER (8,5 %), VOLLMILCHPULVER (5,5 %), Halbbitterschokolade 2 % (Zucker, Kakaomasse, Kakaobutter, Emulgator Lecithine (SOJA), Vanillin),fettarmer Kakao, Emulgator Lecithine (SOJA), Backtriebmittel:Natriumhydrogencarbonat, Salz, Vanillin.Gesamtmilchbestandteile im Produkt 19 %.",2384,572,"37,3","17,3","49,5","41,2","8,6","0,272",https://www.edeka24.de/Lebensmittel/Suess-Salzig/Schoko-Leckereien/Ferrero-Kinder-Bueno-Mini-108G.html,https://www.edeka24.de/out/pictures/generated/product/1/540_540_90/ferrero_kinder_bueno_mini_108g.jpg
2962,Lebensmittel,Süß & Salzig,Schoko- Leckereien,Storck Toffifee große Packung 400G,"4,99 €","12,48 €/kg","inkl. MwSt., zzgl. 4.95 € Versandkosten.",lieferbar innerhalb von 2-5 Werktagen,2023-05-03 01:41:05.574876,Haselnuss (10%) in Karamell (41%) mit Nougatcreme (37%) und Schokolade (12%).,Hinweis zur Aufbewahrung: Vor Wärme schützen.,"Verantwortliches Lebensmittelunternehmen:
August Storck KG, Waldstr. 27, D-13403 Berlin","Zutatenverzeichnis: Zucker, pflanzliche Fette (Palm, Shea), HASELNÜSSE, Glukosesirup, MOLKENERZEUGNIS, Feuchthaltemittel Sorbitsirup, Kakaomasse, kondensierte MAGERMILCH, kondensierte SÜßMOLKE, MILCHZUCKER, magerer Kakao, Kakaobutter, BUTTERREINFETT, MAGERMILCHPULVER, Rohrzuckersirup, Emulgator Lecithine (SOJA), Salz, Aromen. KANN AUCH ANTEILE VON MANDEL, ERDNUSS UND ANDEREN NÜSSEN ENTHALTEN.",2153,516,"28,7","12,6","58,5","48,5","5,9","0,22",https://www.edeka24.de/Lebensmittel/Suess-Salzig/Schoko-Leckereien/Storck-Toffifee-grosse-Packung-400G.html,https://www.edeka24.de/out/pictures/generated/product/1/540_540_90/toffifee.jpg
2963,Lebensmittel,Süß & Salzig,Schoko- Leckereien,Ritter Sport Rum 200G,"2,29 €","11,45 €/kg","inkl. MwSt., zzgl. 4.95 € Versandkosten.",lieferbar innerhalb von 2-5 Werktagen,2023-05-03 01:41:08.642285,"Gefüllte Milchschokolade mit Haselnusscreme (44 %) mit Sultaninen (8 %) eingelegt in Rum (1,2 %), Waffelstückchen (6 %) und Reis-Crisp (3 %).",Hinweis zur Aufbewahrung: Vor Wärme und Feuchtigkeit schützen.,"Verantwortliches Lebensmittelunternehmen:
Alfred Ritter GmbH & Co. KG, D-71111 Waldenbuch Deutschland","Zutatenverzeichnis: Zucker, pflanzliches Fett (Palmkern, Palmkern ganz gehärtet, Palm), Kakaobutter, Sultaninen, Kakaomasse, WEIZENMEHL, VOLLMILCHPULVER, HASELNUSSMASSE (2,5%), LAKTOSE, Reismehl, MAGERMILCHPULVER, BUTTERREINFETT, Rum, Emulgator: Lecithine (SOJA), MAGERMILCHJOGHURTPULVER, Palmöl, Salz, SAHNEPULVER. Kann Spuren von ERDNÜSSEN, anderen SCHALENFRÜCHTEN und EI enthalten. Alkoholhaltig!",554,2310,34,23,54,47,"4,5","0,15",https://www.edeka24.de/Lebensmittel/Suess-Salzig/Schoko-Leckereien/Ritter-Sport-Rum-200G.html,https://www.edeka24.de/out/pictures/generated/product/1/540_540_90/rsjamrum.jpg
2964,Lebensmittel,Süß & Salzig,Schoko- Leckereien,Trumpf Edle Tropfen in Nuss Obstbrände 250G,"3,49 €","13,96 €/kg","inkl. MwSt., zzgl. 4.95 € Versandkosten.",lieferbar innerhalb von 2-5 Werktagen,2023-05-03 01:41:11.451871,Flüssig gefüllte Alkoholpralinen mit Milchschokolade-Überzug und gerösteten Haselnussstückchen,"Hinweis zur Aufbewahrung: Vor Wärme und Feuchtigkeit schützen! Es handetl sich um ein sehr empfindliches Produkt, das keinen höheren Temperaturen ausgesetz werden sollte.","Verantwortliches Lebensmittelunternehmen:
Trumpf Schokoladefabrik GmbH, Postfach 2015, 66720 Saarlouis, Deutschland","Zutatenverzeichnis: Zucker, HASELNÜSSE (15%), Kakaomasse, Wasser, Kakaobutter, MAGERMILCHPULVER, Williams-Christ-Birnenbrand (2%), Kirschwasser (2%), Zwetschgenwasser (2%), VOLLMILCHPULVER, BUTTERREINFETT, Verdickungsmittel (Gummiarabicum), MILCHZUCKER, SÜSSMOLKENPULVER, Emulgator (SOJALECITHINE), SAHNEPULVER, Vanilleextrakt, Salz. Überzüge: Milchschokolade - Kakao: 30% mindestens; Milchschokolade-Kakao: 40% mindestens; Milchbestandteile: 14% mindestens. Kann Erdnüsse, andere SCHALENFRÜCHTE, GLUTEN und EI enthalten.",1955,467,22,"8,8",54,51,"4,6","0,08",https://www.edeka24.de/Lebensmittel/Suess-Salzig/Schoko-Leckereien/Trumpf-Edle-Tropfen-in-Nuss-Obstbraende-250G.html,https://www.edeka24.de/out/pictures/generated/product/1/540_540_90/trumpf_edle_tropfen_in_nuss_obstbrnde.jpg
2965,Lebensmittel,Süß & Salzig,Schoko- Leckereien,Piasten Big Ben Dragierte Erdnüsse 250G,"1,89 €","7,56 €/kg","inkl. MwSt., zzgl. 4.95 € Versandkosten.",lieferbar innerhalb von 2-5 Werktagen,2023-05-03 01:41:13.878200,23 % Erdnüsse in 48 % Milchschokolade mit 28% braunem Zuckerüberzug,,"Verantwortliches Lebensmittelunternehmen:
Piasten GmbH, Piastenstrasse 1, D-91301 Forchheim","Zutatenverzeichnis: Zucker, 23 % ERNÜSSE, Kakaobutter, VOLLMILCHPULVER, LAKTOSE, Kakaomasse, Glukosesirup, Emulgator: Lecithine, SÜßMOLKENPULVER, Farbstoff: E 100, E 120, E 153, E 162, Verdickungsmittel: Gummi arabicum, Überzugsmittel: Carnaubawachs, Bienenwachs, weiß und gelb, Maltodextrin, Salz. Kakao: 25% mindestens. Kann Spuren von SCHALENFRÜCHTEN, SOJA und GLUTEN enthalten",2092,500,24,"9,1",62,60,"7,6","0,1",https://www.edeka24.de/Lebensmittel/Suess-Salzig/Schoko-Leckereien/Piasten-Big-Ben-Dragierte-Erdnuesse-250G.html,https://www.edeka24.de/out/pictures/generated/product/1/540_540_90/bigbendragiert.jpg
2966,Lebensmittel,Süß & Salzig,Schoko- Leckereien,EDEKA Pfefferminz-Taler 250G,"1,29 €","5,16 €/kg","inkl. MwSt., zzgl. 4.95 € Versandkosten.",lieferbar innerhalb von 2-5 Werktagen,2023-05-03 01:41:17.263050,Fondant mit Pfefferminzöl uind Zartbitterschokoladenüberzug,Hinweis zur Aufbewahrung: Vor Wärme geschützt und trocken lagern.,"Verantwortliches Lebensmittelunternehmen:
EDEKA ZENTRALE Stiftung & Co. KG, D-22291 Hamburg","Zutatenverzeichnis: Zucker, Glukosesirup, 20% Zartbitterschokolade (Zucker, Kakaomasse**, Kakaobutter**, Emulgator: Lecithine; Vanilleextrakt), 0,14% Pfefferminzöl. Das Produkt kann Spuren von SCHALENFRÜCHTEN, ERDNÜSSEN, GLUTEN, MILCH und SOJA enthalten. **Rainforest Alliance-zertifiziert",1641,388,"7,2","4,5","79,1","68,7","1,1","0,01",https://www.edeka24.de/Lebensmittel/Suess-Salzig/Schoko-Leckereien/EDEKA-Pfefferminz-Taler-250G.html,https://www.edeka24.de/out/pictures/generated/product/1/540_540_90/edeka_pfefferminztaler_250g.jpg
2967,Lebensmittel,Süß & Salzig,Schoko- Leckereien,Merci Finest Selection Große Vielfalt 250G,"3,49 €","13,96 €/kg","inkl. MwSt., zzgl. 4.95 € Versandkosten.",lieferbar innerhalb von 2-5 Werktagen,2023-05-03 01:41:20.311879,Gefüllte und nicht gefüllte Schokoladen-Spezialitäten.,Hinweis zur Aufbewahrung: Vor Wärme schützen.,"Verantwortliches Lebensmittelunternehmen:
August Storck KG, Waldstr. 27, D-13403 Berlin","Zutatenverzeichnis: Je nach Sorte: Zucker, Kakaobutter, Kakaomasse, VOLLMILCHPULVER, pflanzliche Fette (Palm, Shea), HASELNÜSSE, MANDELN, SAHNEPULVER, MILCHZUCKER, MOLKENERZEUGNIS, BUTTERMILCHPULVER, BUTTERREINFETT, Dextrose, MAGERMILCHPULVER, magerer Kakao, Emulgator Lecithine (SOJA), Fruktose, Glukosesirup, Kaffee, Invertzuckersirup, Aromen, Salz. ALLE SORTEN KÖNNEN AUCH ANTEILE VON HASELNUSS, MANDEL, ERDNUSS, ANDEREN NÜSSEN UND EI ENTHALTEN.",562,2343,"36,4",20,"49,6","47,8","7,5","0,17",https://www.edeka24.de/Lebensmittel/Suess-Salzig/Schoko-Leckereien/Merci-Finest-Selection-Grosse-Vielfalt-250G.html,https://www.edeka24.de/out/pictures/generated/product/1/540_540_90/merci-finest-selection-250-gramm.jpg
2968,Lebensmittel,Süß & Salzig,Schoko- Leckereien,Merci Petits Kaffee Sahne 125G,"2,19 €","17,52 €/kg","inkl. MwSt., zzgl. 4.95 € Versandkosten.",lieferbar innerhalb von 2-5 Werktagen,2023-05-03 01:41:23.261183,Weiße Schokolade (43%) auf Edel-Kaffee-Sahneschokolade (57%),Hinweis zur Aufbewahrung: Vor Wärme schützen.,"Verantwortliches Lebensmittelunternehmen:
August Storck KG, Waldstr. 27, 13403 Berlin","Zutatenverzeichnis: Zucker, Kakaobutter, SAHNEPULVER (11,6%), VOLLMILCHPULVER (10,7%), Kakaomasse, MAGERMILCHPULVER, MILCHZUCKER, Kaffee, BUTTERMILCHPULVER, Emulgator Lecithine (SOJA), Salz, Vanilleextrakt. Kakao: 32% mindestens im Sahneschokoladenanteil, 28% mindestens im weißen Schokoladenanteil. Kann auch Anteile von HASELNUSS, MANDEL, ERDNUSS und anderen NÜSSEN enthalten.",2332,559,"35,5","21,7","51,1","50,6","8,3","0,3",https://www.edeka24.de/Lebensmittel/Suess-Salzig/Schoko-Leckereien/Merci-Petits-Kaffee-Sahne-125G.html,https://www.edeka24.de/out/pictures/generated/product/1/540_540_90/merci_petits_kaffee_sahne_125g.jpg
2969,Lebensmittel,Süß & Salzig,Schoko- Leckereien,Nestle Choclait Chips White 115G,"2,29 €","19,91 €/kg","inkl. MwSt., zzgl. 4.95 € Versandkosten.",lieferbar innerhalb von 2-5 Werktagen,2023-05-03 01:41:26.098191,"Knusperchips mit Mandelgeschmack, überzogen mit weißer Schokolade (51,5%) und verfeinert mit Milchschokolade.",Hinweis zur Aufbewahrung: Trocken lagern. Vor Wärme schützen.,"Verantwortliches Lebensmittelunternehmen:
Nestlé Deutschland AG 60523 Frankfurt am Main","Zutatenverzeichnis: Zucker, Maisgrieß, Kakaobutter* (15%), VOLLMILCHPULVER, Maisstärke, pflanzliche Fette (Palm, Shea), Kakaomasse*, MAGERMILCHPULVER, BUTTERREINFETT, MOLKENERZEUGNIS, Emulgator Lecithine, Mandelaroma, natürliches Vanillearoma. Kann enthalten: GLUTENHALTIGE GETREIDE, SESAM und NÜSSE. *Rainforest Alliance-zertifiziert",497,119,"6,2","3,5","14,2","8,9","1,4","0,04",https://www.edeka24.de/Lebensmittel/Suess-Salzig/Schoko-Leckereien/Nestle-Choclait-Chips-White-115G.html,https://www.edeka24.de/out/pictures/generated/product/1/540_540_90/nestle_choclait_chips_white_115g.jpg
2970,Lebensmittel,Süß & Salzig,Schoko- Leckereien,Ferrero Raffaello 230G,"3,79 €","16,48 €/kg","inkl. MwSt., zzgl. 4.95 € Versandkosten.",lieferbar innerhalb von 2-5 Werktagen,2023-05-03 01:41:28.466050,Kokos-Mandel-Konfekt.,Hinweis zur Aufbewahrung: Kühl und trocken aufbewahren,"Verantwortliches Lebensmittelunternehmen:
Ferrero Deutschland GmbH, Hainer Weg 120, D-60599 Frankfurt am Main","Zutatenverzeichnis: Kokosraspel (25,5%), pflanzliche Fette (Palm, Shea), Zucker, MANDEL (8%), MAGERMILCHPULVER, SÜSSMOLKENPULVER, WEIZENMEHL, Tapiokastärke, Emulgator Lecithine (SOJA), natürliches Aroma, Backtriebmittel Natriumhydrogencarbonat, Vanilin, Salz.",628,2606,"48,6","29,7","38,3","33,3","7,2","0,305",https://www.edeka24.de/Lebensmittel/Suess-Salzig/Schoko-Leckereien/Ferrero-Raffaello-230G.html,https://www.edeka24.de/out/pictures/generated/product/1/540_540_90/1830_front.jpg
2971,Lebensmittel,Süß & Salzig,Schoko- Leckereien,Nestle Choclait Chips Original 115G,"2,29 €","19,91 €/kg","inkl. MwSt., zzgl. 4.95 € Versandkosten.",lieferbar innerhalb von 2-5 Werktagen,2023-05-03 01:41:31.025530,"Knusperchips mit Milchschokolade (50%) umhüllt, verfeinert mit dunkler Schokolade.",Hinweis zur Aufbewahrung: Trocken lagern. Vor Wärme schützen.,"Verantwortliches Lebensmittelunternehmen:
Nestlé Deutschland AG 60523 Frankfurt am Main","Zutatenverzeichnis: Zucker, Maisgrieß, Kakaomasse*, Kakaobutter*, pflanzliche Fette (Palm, Shea), Maisstärke, MAGERMILCHPULVER, Kakaopulver*, MOLKENERZEUGNIS, BUTTERREINFETT, Emulgator Lecithine, natürliches Vanillearoma, Salz. Kann enthalten: GLUTENHALTIGE GETREIDE, SESAM und NÜSSE. *Rainforest Alliance-zertifiziert",490,117,"6,2","3,4","13,6","8,9","1,4","0,01",https://www.edeka24.de/Lebensmittel/Suess-Salzig/Schoko-Leckereien/Nestle-Choclait-Chips-Original-115G.html,https://www.edeka24.de/out/pictures/generated/product/1/540_540_90/nestle_choclait_chips_original_115g.jpg
2972,Lebensmittel,Süß & Salzig,Schoko- Leckereien,After Eight Mint Chocolate Thins 200G,"2,79 €","13,95 €/kg","inkl. MwSt., zzgl. 4.95 € Versandkosten.",lieferbar innerhalb von 2-5 Werktagen,2023-05-03 01:41:34.043418,Hauchdünne Pfefferminzpralinen.,Hinweis zur Aufbewahrung: Trocken lagern. Vor Wärme schützen.,"Verantwortliches Lebensmittelunternehmen:
NESTLÉ DEUTSCHLAND AG, 60523 FRANKFURT/MAIN","Zutatenverzeichnis: Zucker, Kakaomasse, Glukosesirup, Kakaobutter, BUTTERREINFETT, MAGERMILCHPULVER, MOLKENERZEUGNIS, Stabilisator Invertase, Emulgator Sonnenblumenlecithine, Pfefferminzöl, Salz, natürliches Vanillearoma, Säuerungsmittel Citronensäure.",1803,428,"12,9","7,4","74,1","64,4","2,3","0,04",https://www.edeka24.de/Lebensmittel/Suess-Salzig/Schoko-Leckereien/After-Eight-Mint-Chocolate-Thins-200G.html,https://www.edeka24.de/out/pictures/generated/product/1/540_540_90/after-eight-200g_1000.jpg
2973,Lebensmittel,Süß & Salzig,Schoko- Leckereien,Merci Petits Chocolate Collection 125G,"2,19 €","17,52 €/kg","inkl. MwSt., zzgl. 4.95 € Versandkosten.",lieferbar innerhalb von 2-5 Werktagen,2023-05-03 01:41:37.577745,Mischung von nicht gefüllten und gefüllten Schokoladen-Spezialitäten.,,"Verantwortliches Lebensmittelunternehmen:
AUGUST STORCK KG, Waldstr. 27, D-13403 Berlin","Zutatenverzeichnis: Zucker, Kakaobutter, VOLLMILCHPULVER, Kakaomasse, SAHNEPULVER, gehackte MANDELN (4,4%), pflanzliche Fette (Palm, Shea), MAGERMILCHPULVER, MILCHZUCKER, gemahlene HASELNÜSSE (1,8%), BUTTERMILCHPULVER, BUTTERREINFETT, WEIZENMEHL, Dextrose, Reismehl, Emulgator Lecithine (SOJA), Kaffee, magerer Kakao, Fruktose, WEIZENEIWEISS, Salz, Aromen, WEIZENMALZ. Kakao: 28% mindestens im weißen Schokoladenanteil, Kakao: 32% mindestens im Edel-Vollmilchschokoladenanteil, Kakao: 32% mindestens im Sahneschokoladenanteil, Kakao: 45% mindestens im Edel-Vollmilchschokoladenanteil. Alle Sorten können auch Anteile von HASELNUSS, MANDEL, ERDNUSS, anderen NÜSSEN und WEIZEN enthalten.",2391,574,"37,7","21,3","48,9","46,9","8,4","0,24",https://www.edeka24.de/Lebensmittel/Suess-Salzig/Schoko-Leckereien/Merci-Petits-Chocolate-Collection-125G.html,https://www.edeka24.de/out/pictures/generated/product/1/540_540_90/merci_petits_chocolate_collection_125g.jpg
2974,Lebensmittel,Süß & Salzig,Schoko- Leckereien,De Beukelaer Erfrischungsstäbchen Orange-Zitrone-Mix 75G,"1,39 €","18,53 €/kg","inkl. MwSt., zzgl. 4.95 € Versandkosten.",lieferbar innerhalb von 2-5 Werktagen,2023-05-03 01:41:40.610791,Stäbchen mit 71% Orangen- und Zitronengeschmackfüllung und 29% Zartbitterschokolade,Hinweis zur Aufbewahrung: Vor Wärme schützen. Trocken lagern. Nach dem Öffnen innerhalb weniger Tage verzehren.,"Verantwortliches Lebensmittelunternehmen:
Griesson - de Beukelaer, D-56751 Polch","Zutatenverzeichnis: Zucker, Wasser, Kakaomasse, Kakaobutter, Orangensaftkonzentrat (1%)*, MILCHZUCKER, BUTTERREINFETT, Säuerungsmittel (Citronensäure), Emulgator (SOJALECITHINE), Aromen, Zitronensaftkonzentrat (0,1%)*, Säureregulator (Natriumcitrate).Kann Spuren enthalten von: GLUTEN, SCHALENFRÜCHTEN, EIERN, ERDNÜSSEN, SESAM.*entspricht 5,5% Orangensaft und 0,5% Zitronensaft",1669,396,"9,9","6,2",73,72,2,"0,1",https://www.edeka24.de/Lebensmittel/Suess-Salzig/Schoko-Leckereien/De-Beukelaer-Erfrischungsstaebchen-Orange-Zitrone-Mix-75G.html,https://www.edeka24.de/out/pictures/generated/product/1/540_540_90/de_beukelaer_erfrischungsstbchen_orangezitronemix.jpg
2975,Lebensmittel,Süß & Salzig,Schoko- Leckereien,Giotto Haselnuss Mini-Stangen 116G,"2,69 €","23,19 €/kg","inkl. MwSt., zzgl. 4.95 € Versandkosten.",lieferbar innerhalb von 2-5 Werktagen,2023-05-03 01:41:43.379387,Gefüllte Haselnuss-Gebäckspezialität mit feiner Haselnuss-Magermilchcreme (45 %).,Hinweis zur Aufbewahrung: Kühl und trocken aufbewahren,"Verantwortliches Lebensmittelunternehmen:
Ferrero Deutschland GmbH, Hainer Weg 120, D-60599 Frankfurt am Main","Zutatenverzeichnis: HASELNÜSSE (37 %), pflanzliche Fette (Palm, Shea), Zucker, WEIZENMEHL, MAGERMILCHPULVER (7 %), SÜSSMOLKENPULVER, Kakaomasse, Emulgator Lecithine (SOJA), Salz, Vanillin, Backtriebmittel Natriumhydrogencarbonat. Kann Spuren von MANDELN enthalten.",2625,632,48,"14,2","38,4","32,3","10,1","0,305",https://www.edeka24.de/Lebensmittel/Suess-Salzig/Schoko-Leckereien/Giotto-Haselnuss-Mini-Stangen-116G.html,https://www.edeka24.de/out/pictures/generated/product/1/540_540_90/giotto_haselnuss_ministangen_116_g.jpg
2976,Lebensmittel,Süß & Salzig,Schoko- Leckereien,Sarotti Katzenzungen Vollmilch 100G,"1,59 €","15,90 €/kg","inkl. MwSt., zzgl. 4.95 € Versandkosten.",lieferbar innerhalb von 2-5 Werktagen,2023-05-03 01:41:45.887716,Vollmilchschokolade (Kakao: 30% mindestens),Hinweis zur Aufbewahrung: Kühl und trocken lagern.,"Verantwortliches Lebensmittelunternehmen:
Sarotti GmbH, Motzener Straße 32, DE-12277 Berlin","Zutatenverzeichnis: Zucker, Kakaobutter, Sahnepulver (MILCH), Kakaomasse, VOLLMILCHPULVER, Süßmolkenpulver (MILCH), Butterreinfett (MILCH), Emulgator SOJALECITHINE, Aroma",548,2288,"32,6","19,8","56,5","55,7","5,9","0,2",https://www.edeka24.de/Lebensmittel/Suess-Salzig/Schoko-Leckereien/Sarotti-Katzenzungen-Vollmilch-100G.html,https://www.edeka24.de/out/pictures/generated/product/1/540_540_90/katzenzungen.jpg
2977,Lebensmittel,Süß & Salzig,Schoko- Leckereien,Alpia Schoko Fruties 225G,"1,99 €","8,84 €/kg","inkl. MwSt., zzgl. 4.95 € Versandkosten.",lieferbar innerhalb von 2-5 Werktagen,2023-05-03 01:41:48.596729,Rosinen (44%) in Vollmilchschokolade (Kakao: 30% mindestens),Hinweis zur Aufbewahrung: Kühl und trocken lagern.,"Verantwortliches Lebensmittelunternehmen:
Stollwerck GmbH, Am Stammgleis 9, 22844 Norderstedt","Zutatenverzeichnis: Rosinen, Zucker, Kakaobutter*, Kakaomasse*, VOLLMILCHPULVER, MAGERMILCHPULVER, SÜßMOLKENPULVER (MILCH), BUTTERREINFETT (MILCH), Glukosesirup, Emulgator: Lecithine (SOJA), natürliches Vanille-Aroma. Kann enthalten: HASELNÜSSE, andere SCHALENFRÜCHTE, ERDNÜSSE, GLUTEN. *Rainforest Alliance-zertifiziert.",1790,426,16,"9,7",64,63,"4,9","0,17",https://www.edeka24.de/Lebensmittel/Suess-Salzig/Schoko-Leckereien/Alpia-Schoko-Fruties-225G.html,https://www.edeka24.de/out/pictures/generated/product/1/540_540_90/alpia_schoko_fruties_225g.jpg
2978,Lebensmittel,Süß & Salzig,Schoko- Leckereien,Milka Dankeschön Milchcreme Pralinen 110G,"2,49 €","22,64 €/kg","inkl. MwSt., zzgl. 4.95 € Versandkosten.",lieferbar innerhalb von 2-5 Werktagen,2023-05-03 01:41:51.614583,Alpenmilch Schokolade Pralinen gefüllt mit Milchcrème (39%).,Hinweis zur Aufbewahrung: Trocken lagern und vor Wärme schützen.,"Verantwortliches Lebensmittelunternehmen:
Mondelez Deutschland, D-28078 Bremen","Zutatenverzeichnis: Zucker, Palmöl, Kakaobutter, MAGERMILCHPULVER, Süßmolkenpulver (aus MILCH), Kakaomasse, BUTTERREINFETT, Emulgatoren (SOJALECITHINE, E 476), HASELNUSSMASSE, Aromen. 7 % Magermilchpulver in der Milchcrèmefüllung.",2365,567,36,20,54,53,"5,3","0,38",https://www.edeka24.de/Lebensmittel/Suess-Salzig/Schoko-Leckereien/Milka-Dankeschoen-Milchcreme-Pralinen-110G.html,https://www.edeka24.de/out/pictures/generated/product/1/540_540_90/milka_dankeschn_milchcreme_pralinen_110g.jpg
2979,Lebensmittel,Süß & Salzig,Schoko- Leckereien,Merci Lovelies Classic 185G,"2,59 €","14,00 €/kg","inkl. MwSt., zzgl. 4.95 € Versandkosten.",lieferbar innerhalb von 2-5 Werktagen,2023-05-03 01:41:55.001960,Pralinenmischung,Hinweis zur Aufbewahrung: Vor Wärme schützen,"Verantwortliches Lebensmittelunternehmen:
August Storck KG, Waldstr. 27, 13403 Berlin","Zutatenverzeichnis: Zucker, Kakaobutter, VOLLMILCHPULVER, Kakaomasse, Kokosfett, HASELNÜSSE (4,5%), BUTTERREINFETT, BUTTERMILCHPULVER, MAGERMILCHPULVER, MILCHZUCKER, WEIZENMEHL, gehackte MANDELN (1,1%), Emulgator Lecithine (SOJA), Fruktose, Aromen, Salz. Kakao: 32% mindestens im Edel-Vollmilchschokoladenanteil, Kakao: 72% mindestens im Edel-Bitterschokoladenanteil. Alle Sorten können auch Anteile von HASELNUSS, MANDEL, ERDNUSS, anderen NÜSSEN und EI enthalten.",2504,602,"43,1","27,7","44,5","41,8","7,5","0,29",https://www.edeka24.de/Lebensmittel/Suess-Salzig/Schoko-Leckereien/Merci-Lovelies-Classic-185G.html,https://www.edeka24.de/out/pictures/generated/product/1/540_540_90/merci_lovelies_classic_185g.jpg
2980,Lebensmittel,Süß & Salzig,Schoko- Leckereien,EDEKA Kokosflocken 200G,"1,29 €","6,45 €/kg","inkl. MwSt., zzgl. 4.95 € Versandkosten.",lieferbar innerhalb von 2-5 Werktagen,2023-05-03 01:41:57.986814,Kokosflocken mit Zartbitterschokolade. Kakao: 53% mindestens in der Zartbitterschokolade.,Hinweis zur Aufbewahrung: Vor Wärme geschützt und trocken lagern.,"Verantwortliches Lebensmittelunternehmen:
EDEKA ZENTRALE Stiftung & Co. KG, D-22291 Hamburg","Zutatenverzeichnis: 76% Kokosflocken (Zucker, 26% Kokosraspel, Glukosesirup, Feuchthaltemittel: Invertase), 24% Zartbitterschokolade (Kakaomasse, Zucker, Kakaobutter, Emulgator: Lecithine). Das Produkt kann Spuren von GLUTEN, EIERN, MILCH und SCHALENFRÜCHTEN enthalten.",1861,444,"19,2","14,4","62,8",62,"2,7","0,03",https://www.edeka24.de/Lebensmittel/Suess-Salzig/Schoko-Leckereien/EDEKA-Kokosflocken-200G.html,https://www.edeka24.de/out/pictures/generated/product/1/540_540_90/edekakokkosflock.jpg
2981,Lebensmittel,Süß & Salzig,Schoko- Leckereien,Casali Schoko Bananen 300G,"3,19 €","10,63 €/kg","inkl. MwSt., zzgl. 4.95 € Versandkosten.",lieferbar innerhalb von 2-5 Werktagen,2023-05-03 01:42:00.418713,Bananen-Schaumzuckerware getunkt in Schokolade (31%),Hinweis zur Aufbewahrung: Bei Zimmertemperatur und trocken lagern.,"Verantwortliches Lebensmittelunternehmen:
Josef Manner & Comp. AG, 1171 Wien, Österreich","Zutatenverzeichnis: Zucker, Glukose-Fruktosesirup, Kakaomasse, Kakaobutter, Bananenmark (8% im Schaum), Feuchthaltemittel: Sorbit, Gelatine, Geliermittel: Agar-Agar, Säuerungsmittel: Citronensäure, Aromen, Emulgator: SOJALECITHIN, Farbstoff: Kurkumin, WEIZENSTÄRKE. Kann Spuren von MILCHBESTANDTEILEN enthalten.",387,1623,"11,8","7,2","67,5","52,9","1,8","0,02",https://www.edeka24.de/Lebensmittel/Suess-Salzig/Schoko-Leckereien/Casali-Schoko-Bananen-300G.html,https://www.edeka24.de/out/pictures/generated/product/1/540_540_90/casali_schoko_bananen_300g.jpg
2982,Lebensmittel,Süß & Salzig,Schoko- Leckereien,Lambertz Mozartkugeln 200G,"2,49 €","12,45 €/kg","inkl. MwSt., zzgl. 4.95 € Versandkosten.",lieferbar innerhalb von 2-5 Werktagen,2023-05-03 01:42:03.111726,"Pralinen aus Zartbitterschokolade (22%) und Vollmilchschokolade (17%), mit Haselnuss-Nougat- (13%), Pistazienedelmarzipan- (245) und Edelmarzipanfüllung (24%). Kakao: mind. 50% in der Zartbitterschokolade. Kakao: mind. 30% in der Vollmilchschokolade.",Hinweis zur Aufbewahrung: Kühl und trocken lagern.,"Verantwortliches Lebensmittelunternehmen:
Aachener Printen- und Schokoladenfabrik Henry Lambertz GmbH & Co.KG, 52001 Aachen","Zutatenverzeichnis: Zucker, MANDELN (37% im Edel-Marzipan, 30% im Pistazienmarzipan), Kakaomasse, Kakaobutter, HASELNÜSSE (41% im Haselnuss-Nougat), Invertzuckersirup, MAGERMILCHPULVER, SÜßMOLKENPULVER, BUTTERREINFETT, PISTAZIEN (6,5% im Pistazienmarzipan), Emulgator: Lecithine; Feuchthaltemittel: Invertase; Vanillepulver. Kann andere SCHALENFRÜCHTE, ERDNÜSSE, EI, GLUTEN, LUPINE, SESAM und SOJA enthalten.",2101,503,"27,7","10,5","53,5","49,8","7,8","0,1",https://www.edeka24.de/Lebensmittel/Suess-Salzig/Schoko-Leckereien/Lambertz-Mozartkugeln-200G.html,https://www.edeka24.de/out/pictures/generated/product/1/540_540_90/henry_lambertz_mozartkugeln_zartbitter_200g.jpg
2983,Lebensmittel,Süß & Salzig,Schoko- Leckereien,Mikado Weisse Schokolade 75G,"1,49 €","19,87 €/kg","inkl. MwSt., zzgl. 4.95 € Versandkosten.",lieferbar innerhalb von 2-5 Werktagen,2023-05-03 01:42:05.983603,KEKSE ÜBERZOGEN MIT WEISSER SCHOKOLADE (55%).,Hinweis zur Aufbewahrung: Trocken lagern und vor Wärme schützen.,"Verantwortliches Lebensmittelunternehmen:
Mondelez Deutschland, D-28078 Bremen","Zutatenverzeichnis: WEIZENMEHL, Zucker, Kakaobutter, MAGERMILCHPULVER, Süßmolkenpulver (aus MILCH), pflanzliche Fette (Palm, Kokos), BUTTERREINFETT, MILCHZUCKER, Speisesalz, Emulgatoren (SOJALECITHIN, E476), Backtriebmittel (E503), Hefe, Aroma. Kann NÜSSE enthalten.",2035,485,20,12,70,41,"6,1","0,8",https://www.edeka24.de/Lebensmittel/Suess-Salzig/Schoko-Leckereien/Mikado-Weisse-Schokolade-75G.html,https://www.edeka24.de/out/pictures/generated/product/1/540_540_90/mikadoweiss.jpg
2984,Lebensmittel,Süß & Salzig,Schoko- Leckereien,Merci Finest Selection Helle Vielfalt 250G,"2,99 €","11,96 €/kg","inkl. MwSt., zzgl. 4.95 € Versandkosten.",lieferbar innerhalb von 2-5 Werktagen,2023-05-03 01:42:08.963302,Gefüllte und nicht gefüllte Schokoladen-Spezialitäten.,Hinweis zur Aufbewahrung: Vor Wärme schützen.,"Verantwortliches Lebensmittelunternehmen:
August Storck KG, Waldstr. 27, D-13403 Berlin","Zutatenverzeichnis: Je nach Sorte: Zucker, Kakaobutter, VOLLMILCHPULVER, HASELNÜSSE, Kakaomasse, pflanzliche Fette (Palm, Shea), MILCHZUCKER, BUTTERMILCHPULVER, BUTTERREINFETT, gehackte MANDELN, Dextrose, MOLKENERZEUGNIS, MAGERMILCHPULVER, Emulgator Lecithine (SOJA), magerer Kakao, Aromen, Salz. Edel-Nougat-gefüllte Vollmilchschokolade; Kakao: 32% mindestens im Schokoladenanteil. Edel-Rahmschokolade; Kakao: 32% mindestens. Vollmilchschokolade mit Nuss- und Mandelstückchen; Kakao: 32% mindestens im Schokoladenanteil. Gefüllte Vollmilchschokolade mit Praliné-Creme; Kakao: 32% mindestens im Schokoladenanteil. Alle Sorten können auch Anteile von HASELNUSS, MANDEL, ERDNUSS, anderen NÜSSEN und EI enthalten.",2394,575,"37,8","20,4","49,8","48,2","7,8","0,2",https://www.edeka24.de/Lebensmittel/Suess-Salzig/Schoko-Leckereien/Merci-Finest-Selection-Helle-Vielfalt-250G.html,https://www.edeka24.de/out/pictures/generated/product/1/540_540_90/merci-helle-vielfalt_250_pack.jpg
2985,Lebensmittel,Süß & Salzig,Schoko- Leckereien,Merci Petits Crunch Collection 125G,"2,19 €","17,52 €/kg","inkl. MwSt., zzgl. 4.95 € Versandkosten.",lieferbar innerhalb von 2-5 Werktagen,2023-05-03 01:42:12.051818,Mischung von nicht gefüllten und gefüllten Schokoladen-Spezialitäten.,Hinweis zur Aufbewahrung: Vor Wärme schützen!,"Verantwortliches Lebensmittelunternehmen:
AUGUST STORCK KG Waldstr. 27, D-13403 Berlin","Zutatenverzeichnis: Zucker, Kakaobutter, gehackte MANDELN (12,5%), VOLLMILCHPULVER, Kakaomasse, SAHNEPULVER, gemahlene HASELNÜSSE (2,9%), MILCHZUCKER, MAGERMILCHPULVER, BUTTERMILCHPULVER, WEIZENMEHL, Reismehl, BUTTERREINFETT, Emulgator Lecithine (SOJA), Fruktose, WEIZENEIWEISS, Salz, Aromen, WEIZENMALZ, Palmfett. Kakao: 28% mindestens im weißen Schokoladenanteil, Kakao: 32% mindestens im Edel-Vollmilchschokoladenanteil, Kakao: 45% mindestens im Edel-Vollmilchschokoladenanteil. Alle Sorten können auch Anteile von HASELNUSS, MANDEL, ERDNUSS, anderen NÜSSEN und WEIZEN enthalten.",2389,574,"38,1",19,"45,9",43,"9,8","0,22",https://www.edeka24.de/Lebensmittel/Suess-Salzig/Schoko-Leckereien/Merci-Petits-Crunch-Collection-125G.html,https://www.edeka24.de/out/pictures/generated/product/1/540_540_90/merci_petits_crunch_collection_125g.jpg
2986,Lebensmittel,Süß & Salzig,Schoko- Leckereien,Ritter Sport Schokowuerfel Dankeschön 176G,"2,89 €","16,42 €/kg","inkl. MwSt., zzgl. 4.95 € Versandkosten.",lieferbar innerhalb von 2-5 Werktagen,2023-05-03 01:42:14.740658,Kakao: 30% mindestens in der Vollmilchschokolade.,Hinweis zur Aufbewahrung: Vor Wärme und Feuchtigkeit schützen.,"Verantwortliches Lebensmittelunternehmen:
Alfred Ritter GmbH & Co. KG, Alfred-Ritter-Str. 25, 71111 Waldenbuch","Zutatenverzeichnis: Zutaten: Zucker, Palmfett*, Kakaobutter¹, VollMILCHpulver, Kakaomasse¹, MagerMILCHpulver, LAKTOSE, MagerMILCHjoghurtpulver, BUTTERreinfett, HASELNÜSSE, Glukose-Fruktose-Sirup, HASELNUSSmasse, BUTTER, SüßMOLKE, magerer Kakao¹, Maltodextrin, gezuckerte KondensMILCH, HASELNÜSSE (gehackt), Emulgator: Lecithine (SOJA), WEIZENmehl, MagerMILCH, SAHNE, SAHNEpulver, Kokosöl, Reis, Salz, WEIZENmalz, WEIZENstärke, GERSTEnmalzextrakt. *zertifiziert nachhaltig. Kann Spuren von Erdnüssen, anderen Schalenfrüchten und Ei enthalten. ¹Rainforest Alliance Certified",2375,570,38,21,50,47,"6,5","0,33",https://www.edeka24.de/Lebensmittel/Suess-Salzig/Schoko-Leckereien/Ritter-Sport-Schokowuerfel-Dankeschoen-176G.html,https://www.edeka24.de/out/pictures/generated/product/1/540_540_90/rsschokowrfel.jpg
2987,Lebensmittel,Süß & Salzig,Schoko- Leckereien,Weseke Gebrannte Erdnüsse 150G,"1,09 €","7,27 €/kg","inkl. MwSt., zzgl. 4.95 € Versandkosten.",lieferbar innerhalb von 2-5 Werktagen,2023-05-03 01:42:17.177522,Gebrannte Erdnusskerne dragiert,Hinweis zur Aufbewahrung: Kühl und trocken lagern.,"Verantwortliches Lebensmittelunternehmen:
Rübezahl Schokoladen GmbH, D-73265 Dettingen/Teck","Zutatenverzeichnis: ERDNUSSKERNE (50%), Zucker, Glukosesirup, färbende Frucht- und Pflanzenkonzentrate (Zitrone, Saflor, Karotte, Spirulina, schwarze Johannis-beere, Rettich), Verdickungsmittel: Gummi arabicum; Feuchthaltemittel: Sorbitsi-rup; Überzugsmittel: Carnaubawachs; natürliches Aroma.",2028,484,"21,1","3,2",57,"52,3","13,8","0,02",https://www.edeka24.de/Lebensmittel/Suess-Salzig/Schoko-Leckereien/Weseke-Gebrannte-Erdnuesse-150G.html,https://www.edeka24.de/out/pictures/generated/product/1/540_540_90/weseke_gebrerdnuesse_150g.jpg
2988,Lebensmittel,Süß & Salzig,Schoko- Leckereien,Ferrero Kinder Duo 150G,"2,79 €","18,60 €/kg","inkl. MwSt., zzgl. 4.95 € Versandkosten.",lieferbar innerhalb von 2-5 Werktagen,2023-05-03 01:42:19.608105,Keks mit Vollmilchschokolade und Weißer Schololade.,Hinweis zur Aufbewahrung: Kühl und trocken aufbewahren.,"Verantwortliches Lebensmittelunternehmen:
Ferrero E-60624 Frankfurt am Main (EU)","Zutatenverzeichnis: WEIZENMEHL (30,5 %), VOLLMILCHSCHOKOLADE 23,5 % (Zucker, VOLLMILCHPULVER, Kakaobutter, Kakaomasse, Emulgator Lecithine (SOJA), Vanillin), Weiße Schokolade 23,5 % (Kakaobutter, Zucker, MAGERMILCHPULVER, BUTTERREINFETT, Emulgator Lecithine (SOJA), Vanillin), Zucker, Palmöl, SAHNEPULVER, EIPULVER, Backtriebmittel Ammoniumhydrogencarbonat, Natriumhydrogencarbonat; Salz, Vanillin. Gesamtmilchbestandteile im Produkt: 13,5 % Kann MANDELN, HASELNÜSSE, WALNÜSSE, KASCHUNÜSSE, PECANNÜSSE, PARANÜSSE, PISTAZIEN, MACADAMIANÜSSE und SENF enthalten",2190,524,"28,1",17,"59,8","35,3","7,2","0,334",https://www.edeka24.de/Lebensmittel/Suess-Salzig/Schoko-Leckereien/Ferrero-Kinder-Duo-150G.html,https://www.edeka24.de/out/pictures/generated/product/1/540_540_90/kinderduo.jpg
2989,Lebensmittel,Süß & Salzig,Schoko- Leckereien,Alnatura Bio Pralinen Variationen 100G,"3,00 €","30,00 €/kg","inkl. MwSt., zzgl. 4.95 € Versandkosten.",lieferbar innerhalb von 2-5 Werktagen,2023-05-03 01:42:22.572546,Bio Pralinenmischung,Hinweis zur Aufbewahrung: Bitte trocken lagern und vor Wärme schützen.,"Verantwortliches Lebensmittelunternehmen:
Alnatura Produktions- und Handels GmbH, Mahatma-Gandhi-Str. 7, 64295 Darmstadt","Zutatenverzeichnis: Rohrohrzucker*, Kakaomasse*, Kakaobutter*, VOLLMILCHPULVER*,HASELNÜSSE* 7%, BUTTERREINFETT*, SAHNE*, MANDELN* 3,3%, Instant-Kaffee*,PISTAZIEN* 0,4%, Kakaobohnensplitter* geröstet, Emulgator: SOJALECITHIN*,Meersalz *aus biologischer Landwirtschaft.",2320,558,40,21,40,38,"7,8","0,1",https://www.edeka24.de/Lebensmittel/Suess-Salzig/Schoko-Leckereien/Alnatura-Bio-Pralinen-Variationen-100G.html,https://www.edeka24.de/out/pictures/generated/product/1/540_540_90/alnatura_bio_pralinen_variationen_100_g.jpg
2990,Lebensmittel,Süß & Salzig,Schoko- Leckereien,Merci Lovelies White 185G,"2,59 €","14,00 €/kg","inkl. MwSt., zzgl. 4.95 € Versandkosten.",lieferbar innerhalb von 2-5 Werktagen,2023-05-03 01:42:25.466689,Pralinenmischung,Hinweis zur Aufbewahrung: Vor Wärme schützen.,"Verantwortliches Lebensmittelunternehmen:
August Storck KG, Waldstr. 27, 13403 Berlin","Zutatenverzeichnis: Zucker, Kakaobutter, VOLLMILCHPULVER, Kokosfett, MAGERMILCHPULVER, BUTTERREINFETT, Kakaomasse, gehackte MANDELN (0,7%), Emulgatoren Lecithine (SOJA), MILCHZUCKER, BUTTERMILCHPULVER, Aromen, Salz, Kaffee, SAHNEPULVER. Kakao: 32% mindestens im weissen Schokoladenanteil. Alle Sorten können auch Anteile von HASELNUSS, MANDEL, ERDNUSS und anderen NÜSSEN enthalten.",2682,646,"51,1","35,6","38,9","38,7","6,9","0,34",https://www.edeka24.de/Lebensmittel/Suess-Salzig/Schoko-Leckereien/Merci-Lovelies-White-185G.html,https://www.edeka24.de/out/pictures/generated/product/1/540_540_90/merci_lovelies_white_185g.jpg
2991,Lebensmittel,Süß & Salzig,Schoko- Leckereien,Mikado Zartherbe Schokolade 75G,"1,79 €","23,87 €/kg","inkl. MwSt., zzgl. 4.95 € Versandkosten.",lieferbar innerhalb von 2-5 Werktagen,2023-05-03 01:42:28.478434,Kekse überzogen mit dunkler Schokolade (49%).,Hinweis zur Aufbewahrung: Trocken lagern und vor Wärme schützen.,"Verantwortliches Lebensmittelunternehmen:
Mondelez Deutschland, D-28078 Bremen","Zutatenverzeichnis: WEIZENMEHL, Zucker, Kakaomasse, pflanzliche Fette (Palm, Kokos), Kakaobutter, Süßmolkenpulver (aus MILCH), BUTTERREINFETT, Speisesalz, Emulgatoren (SOJALECITHIN, E476), Backtriebmittel (E503), Hefe, Aroma. KANN NÜSSE ENTHALTEN.",1962,468,18,11,66,32,"6,4","0,78",https://www.edeka24.de/Lebensmittel/Suess-Salzig/Schoko-Leckereien/Mikado-Zartherbe-Schokolade-75G.html,https://www.edeka24.de/out/pictures/generated/product/1/540_540_90/mikado_zartherb_75_g.jpg
2992,Lebensmittel,Süß & Salzig,Schoko- Leckereien,Milka Pralines Happy Birthday 110G,"2,49 €","22,64 €/kg","inkl. MwSt., zzgl. 4.95 € Versandkosten.",lieferbar innerhalb von 2-5 Werktagen,2023-05-03 01:42:30.956553,Alpenmilch Schokolade Pralinen gefüllt mit Milchcrème (39%).,Hinweis zur Aufbewahrung: Trocken lagern und vor Wärme schützen.,"Verantwortliches Lebensmittelunternehmen:
Mondelez Deutschland, D-28078 Bremen","Zutatenverzeichnis: Zucker, Palmöl, Kakaobutter, MAGERMILCHPULVER, Süßmolkenpulver (aus MILCH), Kakaomasse, BUTTERREINFETT, Emulgatoren (SOJALECITHINE,E 476), HASELNUSSMASSE, Aromen. 7% Magermilchpulver in der Milchcremefüllung.",2365,567,36,20,54,53,"5,3","0,38",https://www.edeka24.de/Lebensmittel/Suess-Salzig/Schoko-Leckereien/Milka-Pralines-Happy-Birthday-110G.html,https://www.edeka24.de/out/pictures/generated/product/1/540_540_90/milka_pralines_happy_birthday_110g.jpg
2993,Lebensmittel,Süß & Salzig,Schoko- Leckereien,Sarotti Tiamo Feinste Trüffel dunkler Marc de Champagne 125G,"2,49 €","19,92 €/kg","inkl. MwSt., zzgl. 4.95 € Versandkosten.",lieferbar innerhalb von 2-5 Werktagen,2023-05-03 01:42:33.403890,"Trüffelpraline gepudert, mit Bitterschokolade (Kakao: 60% mindestens) überzogen, mit 54% Marc de Champagne Trüffelfüllung",Hinweis zur Aufbewahrung: Bitte kühl und trocken aufbewahren.,"Verantwortliches Lebensmittelunternehmen:
Sarotti GmbH, Motzener Straße 32, DE-12277 Berlin","Zutatenverzeichnis: Zucker, Kakaomasse, Kakaobutter, Marc de Champagne (7,5%), VOLLMILCHPULVER, Wasser, Butterreinfett (MILCH), gezuckerte KONDENSMILCH, Aroma, Süßmolkenpulver (MILCH), Sahnepulver (MILCH), MILCHZUCKER, Emulgator SOJALECITHINE, Feuchthaltemittel Invertase, Säuerungsmittel Citronensäure. Kann enthalten: HASELNÜSSE, andere SCHALENFRÜCHTE, GLUTEN, EI.",2114,507,30,19,46,44,"4,7","0,09",https://www.edeka24.de/Lebensmittel/Suess-Salzig/Schoko-Leckereien/Sarotti-Tiamo-Feinste-Trueffel-dunkler-Marc-de-Champagne-125G.html,https://www.edeka24.de/out/pictures/generated/product/1/540_540_90/sarrottitiammodunklermarcdechampagne.jpg
2994,Lebensmittel,Süß & Salzig,Schoko- Leckereien,Merci Together 175G,"2,79 €","15,94 €/kg","inkl. MwSt., zzgl. 4.95 € Versandkosten.",lieferbar innerhalb von 2-5 Werktagen,2023-05-03 01:42:36.006634,Mischung von gefüllten Edel-Vollmilchschokoladen-Pralinen,Hinweis zur Aufbewahrung: Vor Wärme schützen.,"Verantwortliches Lebensmittelunternehmen:
August Storck KG, Waldstr. 27, 13403 Berlin","Zutatenverzeichnis: Zucker, VOLLMILCHPULVER (16,6%), Kakaobutter, pflanzliche Fette (Palm, Shea, Kokos), HASELNÜSSE (6,4%), Kakaomasse, MILCHZUCKER, BUTTERMILCHPULVER, MANDELN (2,4%), MOLKENERZEUGNIS, Glukosesirup, WEIZENMEHL, MAGERMILCHPULVER, magerer Kakao, Emulgatoren (Lecithine (SOJA), Mono- und Diglyceride von Speisefettsäuren), kondensierte MAGERMILCH, BUTTERREINFETT, Fruktose, Dextrose, Kaffee, Aromen, SAHNEPULVER, Salz, Backtriebmittel (Ammoniumhydrogencarbonat, Natriumhydrogencarbonat, Kaliumcarbonate), Karamellzuckersirup. Kakao: 32% mindestens im Schokoladenanteil. Das Mischungsverhältnis kann produktionsbedingt schwanken. Alle Sorten können auch Anteile von HASELNUSS, MANDEL, ERDNUSS, anderen NÜSSEN, WEIZEN und EI enthalten.",2344,562,"35,7",19,"50,9",48,"8,2","0,36",https://www.edeka24.de/Lebensmittel/Suess-Salzig/Schoko-Leckereien/Merci-Together-175G.html,https://www.edeka24.de/out/pictures/generated/product/1/540_540_90/merci_together_175g.jpg
2995,Lebensmittel,Süß & Salzig,Schoko- Leckereien,Merci Lovelies Creamy 185G,"2,59 €","14,00 €/kg","inkl. MwSt., zzgl. 4.95 € Versandkosten.",lieferbar innerhalb von 2-5 Werktagen,2023-05-03 01:42:39.288753,Pralinenmischung,Hinweis zur Aufbewahrung: Vor Wärme schützen.,"Verantwortliches Lebensmittelunternehmen:
August Storck KG, Waldstr. 27, 13403 Berlin","Zutatenverzeichnis: Zucker, Kakaobutter, Kakaomasse, VOLLMILCHPULVER, Kokosfett, gemahlene HASELNÜSSE (3,7%), BUTTERREINFETT, BUTTERMILCHPULVER, MILCHZUCKER, MAGERMILCHPULVER, Emulgator Lecithine (SOJA), Aromen, Kaffee, SAHNEPULVER, Salz. Kakao: 32% mindestens im weißen Schokoladenanteil, Kakao: 32% mindestens im Edel-Vollmilchschokoladenanteil, Kakao: 72% mindestens im Edel-Bitterschokoladenanteil. Alle Sorten können auch Anteile von HASELNUSS, MANDEL, ERDNUSS, anderen NÜSSEN und EI enthalten.",2544,612,"45,3","30,4","42,6","40,8",7,"0,27",https://www.edeka24.de/Lebensmittel/Suess-Salzig/Schoko-Leckereien/Merci-Lovelies-Creamy-185G.html,https://www.edeka24.de/out/pictures/generated/product/1/540_540_90/merci_lovelies_creamy_185g.jpg
2996,Lebensmittel,Süß & Salzig,Schoko- Leckereien,Merci Finest Selection Herbe Vielfalt 250G,"3,49 €","13,96 €/kg","inkl. MwSt., zzgl. 4.95 € Versandkosten.",lieferbar innerhalb von 2-5 Werktagen,2023-05-03 01:42:42.352899,Gefüllte und nicht gefüllte Schokoladen-Spezialitäten.,Hinweis zur Aufbewahrung: Vor Wärme schützen.,"Verantwortliches Lebensmittelunternehmen:
August Storck KG, Waldstr. 27, D-13403 Berlin","Zutatenverzeichnis: Je nach Sorte: Zucker, Kakaomasse, Kakaobutter, SAHNEPULVER, gemahlene MANDELN, pflanzliche Fette (Shea, Palm), VOLLMILCHPULVER, MOLKENERZEUGNIS, MILCHZUCKER, magerer Kakao, MAGERMILCHPULVER, BUTTERREINFETT, Fruktose, Kaffee, Emulgator Lecithine (SOJA), Glukosesirup, Invertzuckersirup, BUTTERMILCHPULVER, Dextrose, Aromen, Salz. Weiße Schokolade auf Edel-Kaffee-Sahneschokolade; Kakao: 32% mindestens im Sahneschokoladenanteil, 28% mindestens im weißen Schokoladenanteil. Edel-Zartbitterschokolade gefüllt mit Kakao-Mousse; Kakao: 50% mindestens im Schokoladenanteil. Herbe Sahneschokolade; Kakao: 45% mindestens. Edel-Marzipan-gefüllte Schokolade; Kakao: 50% mindestens im Schokoladenanteil. Alle Sorten können auch Anteile von HASELNUSS, MANDEL, ERDNUSS, anderen NÜSSEN und EI ENTHALTEN.",2303,553,"34,8","19,5","49,7","47,6",7,"0,13",https://www.edeka24.de/Lebensmittel/Suess-Salzig/Schoko-Leckereien/Merci-Finest-Selection-Herbe-Vielfalt-250G.html,https://www.edeka24.de/out/pictures/generated/product/1/540_540_90/merci-herbe-vielfalt_250_pack.jpg
2997,Lebensmittel,Süß & Salzig,Schoko- Leckereien,Sarotti Tiamo Feinste Trüffel - Marc de Champagne 125G,"2,49 €","19,92 €/kg","inkl. MwSt., zzgl. 4.95 € Versandkosten.",lieferbar innerhalb von 2-5 Werktagen,2023-05-03 01:42:45.341131,Trüffelpraline mit weisser Schokolade überzogen und 54% Marc de Champagne-Trüffelfüllung,Hinweis zur Aufbewahrung: Bitte kühl und trocken aufbewahren.,"Verantwortliches Lebensmittelunternehmen:
Sarotti GmbH, Motzener Straße 32, DE-12277 Berlin","Zutatenverzeichnis: Zucker, Kakaobutter, VOLLMILCHPULVER, gezuckerte Kondensmilch, Marc de Champagne (6,5%), Feuchthaltemittel Sorbitsirup, MILCHZUCKER, Butterreinfett (MILCH), Sahnepulver (MILCH), Süßmolkenpulver (MILCH), Wasser, Aroma, Emulgator SOJALECITHINE, Säuerungsmittel Citronensäure, Feuchthaltemittel Invertase",514,2144,30,18,52,47,"4,9","0,2",https://www.edeka24.de/Lebensmittel/Suess-Salzig/Schoko-Leckereien/Sarotti-Tiamo-Feinste-Trueffel-Marc-de-Champagne-125G.html,https://www.edeka24.de/out/pictures/generated/product/1/540_540_90/sarotti_tiamo_feinste_trffel_marc_de_champagne(1).jpg
2998,Lebensmittel,Süß & Salzig,Schoko- Leckereien,Milka Pralines Alles Gute 110G,"2,49 €","22,64 €/kg","inkl. MwSt., zzgl. 4.95 € Versandkosten.",lieferbar innerhalb von 2-5 Werktagen,2023-05-03 01:42:47.741043,Alpenmilch Schokolade Pralinen mit Kakaocrème (40%).,Hinweis zur Aufbewahrung: Trocken lagern und vor Wärme schützen.,"Verantwortliches Lebensmittelunternehmen:
Mondelez Deutschland, D-28078 Bremen","Zutatenverzeichnis: Zucker, Palmöl, Kakaobutter, Süßmolkenpulver (aus MILCH), MAGERMILCHPULVER, Kakaomasse, fettarmes Kakaopulver (4 %), BUTTERREINFETT, HASELNUSSMASSE, Emulgatoren (SOJALECITHINE, E476), Aromen (enthalten MILCH). Kann andere NÜSSE enthalten.",2308,554,35,19,53,51,"6,1","0,37",https://www.edeka24.de/Lebensmittel/Suess-Salzig/Schoko-Leckereien/Milka-Pralines-Alles-Gute-110G.html,https://www.edeka24.de/out/pictures/generated/product/1/540_540_90/milkaallesgut.jpg
2999,Lebensmittel,Süß & Salzig,Schoko- Leckereien,Ferrero Nutella B-Ready 6ST 132G,"2,29 €","17,35 €/kg","inkl. MwSt., zzgl. 4.95 € Versandkosten.",lieferbar innerhalb von 2-5 Werktagen,2023-05-03 01:42:50.218002,Waffel-Spezialitäten gefüllt mit Nuss-Nugat-Creme und Weizencrisp (2%).,Hinweis zur Aufbewahrung: Kühl und trocken aufbewahren.,"Verantwortliches Lebensmittelunternehmen:
Ferrero oHG mbH, Michele-Ferrero-Str. 1, 35260 Stadtallendorf","Zutatenverzeichnis: Nuss-Nugat-Creme 81,5 % (Zucker, Palmöl, HASELNÜSSE 13 %**,MAGERMILCHPULVER 8,7 %**, fettarmer Kakao 7,4 %**, EmulgatorLecithine (SOJA), Vanillin), WEIZENMEHL (16 %), Backhefe,GERSTENMALZEXTRAKT, Salz, MAGERMILCHPULVER, EmulgatorLecithine (SOJA), WEIZENKLEBER, MILCHEIWEISS. **entspricht im Gesamterzeugnis: Haselnüsse 10,6 %, Magermilchpulver 7%, fettarmer Kakao 6 %.",2177,521,27,"9,5","60,7","47,1","7,2","0,559",https://www.edeka24.de/Lebensmittel/Suess-Salzig/Schoko-Leckereien/Ferrero-Nutella-B-Ready-6ST-132G.html,https://www.edeka24.de/out/pictures/generated/product/1/540_540_90/nutella_bready_6st_132g.jpg
3000,Lebensmittel,Süß & Salzig,Schoko- Leckereien,Alnatura Bio Schoko Dinkel Kugeln 125G,"2,29 €","18,32 €/kg","inkl. MwSt., zzgl. 4.95 € Versandkosten.",lieferbar innerhalb von 2-5 Werktagen,2023-05-03 01:42:53.042514,Bio Knusperkugeln mit Dinkel in Vollmilchschokolade,Hinweis zur Aufbewahrung: Bitte trocken lagern und vor Wärme schützen.,"Verantwortliches Lebensmittelunternehmen:
Alnatura GmbH, Darmstädter Str. 63, 64404 Bickenbach","Zutatenverzeichnis: Vollmilchschokolade* 69% (Rohrohrzucker*, Kakaobutter*,VOLLMILCHPULVER*, Kakaomasse*), DINKELVOLLKORNMEHL* 15%, Maismehl*,GERSTENMALZMEHL*, Rohrohrzucker*, Meersalz, Kakaopulver* stark entölt,Ceylon-Zimt*, Überzugsmittel: Gummi arabicum* *aus biologischer Landwirtschaft. Kann Spuren von SOJA, MANDEL, NÜSSEN und SESAM enthalten.",2113,506,28,17,54,33,"7,4","0,29",https://www.edeka24.de/Lebensmittel/Suess-Salzig/Schoko-Leckereien/Alnatura-Bio-Schoko-Dinkel-Kugeln-125G.html,https://www.edeka24.de/out/pictures/generated/product/1/540_540_90/alnatura_bio_schoko_dinkel_kugeln_125_g.jpg
3001,Lebensmittel,Süß & Salzig,Schoko- Leckereien,Merci Petits Edel-Vollmilch 125g,"2,19 €","17,52 €/kg","inkl. MwSt., zzgl. 4.95 € Versandkosten.",lieferbar innerhalb von 2-5 Werktagen,2023-05-03 01:42:55.927238,Edel-Vollmilchschokolade,Hinweis zur Aufbewahrung: Vor Wärme schützen!,"Verantwortliches Lebensmittelunternehmen:
AUGUST STORCK KG Waldstr. 27, D-13403 Berlin","Zutatenverzeichnis: Zucker, Kakaobutter, VOLLMILCHPULVER (23,5%), Kakaomasse, BUTTERREINFETT, Emulgator Lecithine (SOJA), Vanilleextrakt. Kakao: 32% mindestens im Schokoladenanteil. Kann auch Anteile von HASELNUSS, MANDEL, ERDNUSS und anderen NÜSSEN enthalten.",2409,578,"38,1",24,"50,8","50,1","7,3","0,18",https://www.edeka24.de/Lebensmittel/Suess-Salzig/Schoko-Leckereien/Merci-Petits-Edel-Vollmilch-125g.html,https://www.edeka24.de/out/pictures/generated/product/1/540_540_90/merci_petits_edelvollmilch_125g.jpg
3002,Lebensmittel,Süß & Salzig,Schoko- Leckereien,Ferrero Kinder Cards 128G,"2,79 €","21,80 €/kg","inkl. MwSt., zzgl. 4.95 € Versandkosten.",lieferbar innerhalb von 2-5 Werktagen,2023-05-03 01:42:58.925258,"Waffel-Spezialität gefüllt mit feiner Magermilchcreme (41,5 %) und Kakaocreme (38 %).",Hinweis zur Aufbewahrung: Kühl und trocken aufbewahren.,"Verantwortliches Lebensmittelunternehmen:
Ferrero, 60624 Frankfurt am Main GERMANY","Zutatenverzeichnis: MAGERMILCHPULVER (28 %), Zucker, Palmöl, WEIZENMEHL (15 %),fettarmer Kakao (4 %), Sonnenblumenöl, Emulgator Lecithine (SOJA),Salz, Backtriebmittel Natriumhydrogencarbonat, Vanillin.Kann HASELNÜSSE enthalten.",2157,516,"26,9","12,9","55,5",43,"11,9","0,438",https://www.edeka24.de/Lebensmittel/Suess-Salzig/Schoko-Leckereien/Ferrero-Kinder-Cards-128G.html,https://www.edeka24.de/out/pictures/generated/product/1/540_540_90/kindercards.jpg
3003,Lebensmittel,Süß & Salzig,Schoko- Leckereien,Guylian Meeresfrüchte 250G,"5,29 €","21,16 €/kg","inkl. MwSt., zzgl. 4.95 € Versandkosten.",lieferbar innerhalb von 2-5 Werktagen,2023-05-03 01:43:01.609962,-,Hinweis zur Aufbewahrung: Trocken lagern.,"Verantwortliches Lebensmittelunternehmen:
Chocolaterie Guylian N.V. Europark-Oost, 9100 Sint-Niklaas, Belgium","Zutatenverzeichnis: Zucker, HASELNÜSSE (23%), VOLLMILCHPULVER, Kakaobutter, Kakaomasse, Emulgator: Sonnenblumenlecithin, natürliches Vanillearoma. Kakaobestandteile: Schokolade: Kakao: 48% mindestens, Milchschokolade: Kakao: 31% mindestens, weiße Schokolade: Kakao: 25% mindestens. Milchtrockenmasse: Milchschokolade: 23% mindestens, weiße Schokolade: 29% mindestens. Kann andere NÜSSE, WEIZEN und SOJA enthalten.",2312,552,35,14,50,49,"7,8","0,13",https://www.edeka24.de/Lebensmittel/Suess-Salzig/Schoko-Leckereien/Guylian-Meeresfruechte-250G.html,https://www.edeka24.de/out/pictures/generated/product/1/540_540_90/guylian_meeresframp252chte_250g.jpg
3004,Lebensmittel,Süß & Salzig,Schoko- Leckereien,Wiebold Götterfunken Trüffel Pralines 200G,"3,79 €","18,95 €/kg","inkl. MwSt., zzgl. 4.95 € Versandkosten.",lieferbar innerhalb von 2-5 Werktagen,2023-05-03 01:43:04.057077,Pralinenmischung,Hinweis zur Aufbewahrung: Möglichst vor Licht und Sonneneinstrahlung schützen.,"Verantwortliches Lebensmittelunternehmen:
Wiebold Confiserie GmbH & Co. KG, Ernst-Abbe-Straße 2, 25337 Elmshorn","Zutatenverzeichnis: Zucker, Kakaomasse, Kakaobutter, VOLLMILCHPULVER, BUTTER (3,2%), Glukosesirup, KONDENSMILCH, Feuchthaltemittel (Sorbit), EIERLIKÖR, MOLKENERZEUGNIS, Whisky, Weinbrand, MILCHZUCKER, Marc de Champagne, Jamaica Rum, Orangenlikör, Emulgator Lecithine (SOJA), FRISCHKÄSEPULVER, Likör, natürliches Vanillearoma, Invertzuckersirup, Apfelpüree, löslicher Kaffee, Karamellzuckersirup, SAHNEPULVER, Orangensaft aus Orangensaftkonzentrat, natürliches Aroma (enthält MILCH), MAGERMILCHPULVER, färbende Lebensmittel (Saflorkonzentrat, Zitronenkonzentrat, Karottensaftkonzentrat, Rettichkonzentrat, Apfelkonzentrat, schwarzes Johannisbeerkonzentrat), natürliches Orangenaroma, Säuerungsmittel (Citronensäure), Zitronensaftkonzentrat, natürliches Bourbon Vanillearoma, Geliermittel (Pektine). Anteil Schokolade im Gesamterzeugnis: 25% weiße Schokolade (Kakaobutter: 28% mindestens), 21% Edelbitterschokolade (Kakao: 60% mindestens), 20% Vollmilchschokolade (Kakao: 31% mindestens). Kann Spuren von ERDNÜSSEN und SCHALENFRÜCHTEN enthalten.",2016,483,26,16,54,50,4,"0,11",https://www.edeka24.de/Lebensmittel/Suess-Salzig/Schoko-Leckereien/Wiebold-Goetterfunken-Trueffel-Pralines-200G-oxid.html,https://www.edeka24.de/out/pictures/generated/product/1/540_540_90/wieboldgttfunk.jpg
3005,Lebensmittel,Süß & Salzig,Schoko- Leckereien,Manner Mozart Mignon 300G,"3,79 €","12,63 €/kg","inkl. MwSt., zzgl. 4.95 € Versandkosten.",lieferbar innerhalb von 2-5 Werktagen,2023-05-03 01:43:06.645595,-,,"Verantwortliches Lebensmittelunternehmen:
Josef Manner & Comp. AG, AU-1170 Wien","Zutatenverzeichnis: Zucker, WEIZENMEHL, pflanzliche Fette (Kokos, Palm), Kakaomasse, Kakaobutter, Glukosesirup, MAGERMILCHPULVER, mageres Kakaopulver, MOLKENERZEUGNIS, MANDELMARK (2%), HASELNÜSSE (2%), BUTTERREINFETT, natürliche Aromen, Emulgator: Lecithine (SOJA); Backtriebmittel: Natriumhydrogencarbonat; Salz. Kann Spuren von anderen NÜSSEN enthalten.",2187,524,30,21,55,39,"6,1","0,10",https://www.edeka24.de/Lebensmittel/Suess-Salzig/Schoko-Leckereien/Manner-Mozart-Mignon-300G.html,https://www.edeka24.de/out/pictures/generated/product/1/540_540_90/mannermozart.jpg
3006,Lebensmittel,Süß & Salzig,Schoko- Leckereien,Baileys Chocolate Truffles 150G,"4,59 €","30,60 €/kg","inkl. MwSt., zzgl. 4.95 € Versandkosten.",lieferbar innerhalb von 2-5 Werktagen,2023-05-03 01:43:09.572501,"Milchschokolade Pralinen , gefüllt mit einer Creme aus Baileys The Original Irish Cream Likör (48%)",Hinweis zur Aufbewahrung: Kühl und trocken lagern.,"Verantwortliches Lebensmittelunternehmen:
Lir Chocolates Ltd, Navan IDA Business Park, Johnstown, Navan, Co. Meath, Ireland.","Zutatenverzeichnis: Zucker, Kakaobutter, VOLLMILCHPULVER, pflanzliche Öle (Rapsöl, Sonnenblumenöl), Palmfett, Baileys® The Original Irish Cream Likör (8%) (SAHNELIKÖR), Kakaomasse, Wasser, KONDENSMILCH, MAGERMILCHPULVER, Glukosesirup, Feuchthaltemittel (Sorbit), Dextrose, Emulgator (SOJALECITHINE), Aroma. Milchschokolade enthält: Kakao 37% mindestens. Dieses Produkt kann Spuren von NÜSSEN enthalten.",2076,498,30,18,53,48,"4,8","0,13",https://www.edeka24.de/Lebensmittel/Suess-Salzig/Schoko-Leckereien/Baileys-Chocolate-Truffles-150G.html,https://www.edeka24.de/out/pictures/generated/product/1/540_540_90/baileys_milk_chocolade_truffles_150g.jpg
3007,Lebensmittel,Süß & Salzig,Schoko- Leckereien,Sarotti Katzenzungen 100G,"1,59 €","15,90 €/kg","inkl. MwSt., zzgl. 4.95 € Versandkosten.",lieferbar innerhalb von 2-5 Werktagen,2023-05-03 01:43:12.636620,Vollmilchschokolade (Kakao: 30% mindestens).,Hinweis zur Aufbewahrung: Kühl und trocken lagern.,"Verantwortliches Lebensmittelunternehmen:
Stollwerk GmbH, Am Stammgleis 9, 22844 Norderstedt","Zutatenverzeichnis: Zucker, Kakaobutter*, SAHNEPULVER (MILCH), Kakaomasse*, VOLLMILCHPULVER, SÜßMOLKENPULVER (MILCH), BUTTERREINFETT (MILCH), Emulgator: Lecithine (SOJA), Bourbon-Vanilleextrakt. *Rainforest Alliance zertifiziert.",2281,547,33,21,57,56,"5,5","0,2",https://www.edeka24.de/Lebensmittel/Suess-Salzig/Schoko-Leckereien/Sarotti-Katzenzungen-100G.html,https://www.edeka24.de/out/pictures/generated/product/1/540_540_90/sarokatzzung.jpg
3008,Lebensmittel,Süß & Salzig,Schoko- Leckereien,Reese's Erdnussbutter Snack 77G,"2,19 €","28,44 €/kg","inkl. MwSt., zzgl. 4.95 € Versandkosten.",lieferbar innerhalb von 2-5 Werktagen,2023-05-03 01:43:15.668368,Erdnussbuttercreme in Milch- und Kakaohaltiger Fettglasur,Hinweis zur Aufbewahrung: Kühl und trocken lagern.,"Verantwortliches Lebensmittelunternehmen:
Genuport Trade GmbH, D-22848 Norderstedt","Zutatenverzeichnis: Kakaohaltige Fettglasur 55% [Zucker, Kakaobutter, Kakaomasse, MAGERMILCHPULVER, MILCHFETT, LAKTOSE (MILCH), Emulgatoren: SOJALECITHIN, Polyglycerin-Polyricinoleat], ERDNUSSBUTTERCREME 45% [ERDNÜSSE, Zucker, Dextrose, Salz, Säureregulator: Citronensäure, Antioxidationsmittel:Tertiär-Butylhydrochinon TBHQ)].",2201,526,29,11,57,52,10,"0,76",https://www.edeka24.de/Lebensmittel/Suess-Salzig/Schoko-Leckereien/Reese-s-Erdnussbutter-Snack-77G.html,https://www.edeka24.de/out/pictures/generated/product/1/540_540_90/reese039serdnussbutter_snack_77g.jpg
3009,Lebensmittel,Süß & Salzig,Schoko- Leckereien,Ferrero Küsschen White Crispy 20ST 172G,"3,49 €","20,29 €/kg","inkl. MwSt., zzgl. 4.95 € Versandkosten.",lieferbar innerhalb von 2-5 Werktagen,2023-05-03 01:43:18.330591,Nusspralinen-Spezialität mit feiner Weißer Schokolade und Reiscrisp (5%).,Hinweis zur Aufbewahrung: Kühl und trocken aufbewahren.,"Verantwortliches Lebensmittelunternehmen:
Ferrero, 60624 Frankfurt am Main","Zutatenverzeichnis: Weiße Schokolade 46,5 % (Kakaobutter, Zucker, MAGERMILCHPULVER, BUTTERREINFETT, Emulgator Lecithine (SOJA), Vanillin), HASELNÜSSE (19,5%), Zucker, Palmöl, MAGERMILCHPULVER, Reismehl, MILCHEIWEISS, Backtriebmittel Natriumhydrogencarbonat, Sonnenblumenöl, Emulgator Lecithine (SOJA), Aromen, Salz. Kann GLUTEN und MANDELN enthalten.",2481,596,"41,7","18,8","44,7","40,7","9,9","0,465",https://www.edeka24.de/Lebensmittel/Suess-Salzig/Schoko-Leckereien/Ferrero-Kuesschen-White-Crispy-20ST-172G.html,https://www.edeka24.de/out/pictures/generated/product/1/540_540_90/ferreroksschenwc.jpg
3010,Lebensmittel,Süß & Salzig,Schoko- Leckereien,Merci Finest Selection Mousse au Chocolat Vielfalt 210G,"3,49 €","16,62 €/kg","inkl. MwSt., zzgl. 4.95 € Versandkosten.",lieferbar innerhalb von 2-5 Werktagen,2023-05-03 01:43:20.677123,Schokoladen-Spezialitäten mit Mousse-Füllungen (40%),Hinweis zur Aufbewahrung: Vor Wärme schützen.,"Verantwortliches Lebensmittelunternehmen:
August Storck KG, Waldstr. 27, 13403 Berlin","Zutatenverzeichnis: Zucker, Kakaomasse, Kakaobutter, pflanzliche Fette (Shea, Palm), VOLLMILCHPULVER, SAHNEPULVER, BUTTERREINFETT, MAGERMILCHPULVER, gemahlene HASELNÜSSE, MILCHZUCKER, BUTTERMILCHPULVER, Emulgator Lecithine (SOJA), gemahlene MANDELN, Aromen, Salz. Alle Sorten können auch Anteile von HASELNUSS, MANDEL, ERDNUSS, anderen NÜSSEN und EI enthalten.",2510,603,"41,9","24,7","47,7","44,3","7,4","0,22",https://www.edeka24.de/Lebensmittel/Suess-Salzig/Schoko-Leckereien/Merci-Finest-Selection-Mousse-au-Chocolat-Vielfalt-210G.html,https://www.edeka24.de/out/pictures/generated/product/1/540_540_90/merci_vielfalt_mousse_au_chocolat_210g.jpg
3011,Lebensmittel,Süß & Salzig,Schoko- Leckereien,Baileys Chocolate Mini Delights 102G,"2,99 €","29,31 €/kg","inkl. MwSt., zzgl. 4.95 € Versandkosten.",lieferbar innerhalb von 2-5 Werktagen,2023-05-03 01:43:23.249532,"Milchschokolade Pralinen , gefüllt mit einer Creme aus Baileys The Original Irish Cream Likör (45%)",Hinweis zur Aufbewahrung: Kühl und trocken lagern.,"Verantwortliches Lebensmittelunternehmen:
Lir Chocolates Ltd, Navan IDA Business Park, Johnstown, Navan, Co. Meath, Ireland.","Zutatenverzeichnis: Zucker, Kakaobutter, VOLLMILCHPULVER, pflanzliche Öle (Palmöl, Sheaöl, Salöl, Mangokernöl, Baumwollsaatöl, Rapsöl, Sonnenblumenöl), BAILEYS the original irish cream Likör (8%) (SAHNELIKÖR), Kakaomasse, Wasser, KONDENSMILCH, MAGERMILCHPULVER, Glukosesirup, Feuchthaltemittel (Sorbitsirup), Dextrose, Emulgator (SOJALECITHINE), Aroma. Milchschokolade enthält: Kakao 37% mindestens. Dieses Produkt kann Spuren von NÜSSEN enthalten.",2085,500,31,19,51,48,"4,5","0,13",https://www.edeka24.de/Lebensmittel/Suess-Salzig/Schoko-Leckereien/Baileys-Chocolate-Mini-Delights-102G.html,https://www.edeka24.de/out/pictures/generated/product/1/540_540_90/baileys_mini_delights(1).jpg
3012,Lebensmittel,Süß & Salzig,Schoko- Leckereien,Kinder Schoko Bons 300G,"4,79 €","15,97 €/kg","inkl. MwSt., zzgl. 4.95 € Versandkosten.",lieferbar innerhalb von 2-5 Werktagen,2023-05-03 01:43:26.361973,"Gefüllte Vollmilchschokoladeneier mit Milchfüllung (42,5 %) und fein gehackten Haselnüssen.",,"Verantwortliches Lebensmittelunternehmen:
Ferrero Deutschland GmbH, Hainer Weg 120, D-60599 Frankfurt am Main","Zutatenverzeichnis: VOLLMILCHSCHOKOLADE 50 % (Zucker, VOLLMILCHPULVER, Kakaobutter, Kakaomasse, Emulgator Lecithine (SOJA), Vanillin), Zucker, MAGERMILCHPULVER (12,5 %), Palmöl, HASELNÜSSE (5,8%), BUTTERREINFETT, Halbbitterschokolade (Zucker, Kakaomasse, Kakaobutter, Emulgator Lecithine (SOJA), Vanillin), Überzugsmittel: Gummi arabicum, Schellack; Glukosesirup, Emulgator Lecithine (SOJA), Aromen. Gesamtmilchbestandteile im Produkt 28 %. Gesamtkakaobestandteile im Produkt 16,5 %.",2401,576,"36,6","21,2","52,5","52,2","8,3","0,28",https://www.edeka24.de/Lebensmittel/Suess-Salzig/Schoko-Leckereien/Kinder-Schoko-Bons-300G.html,https://www.edeka24.de/out/pictures/generated/product/1/540_540_90/kinder_schoko_bons_groe_packung.jpg
3013,Lebensmittel,Süß & Salzig,Schoko- Leckereien,Trumpf Edle Tropfen in Nuss Klassische Brände 250G,"3,49 €","13,96 €/kg","inkl. MwSt., zzgl. 4.95 € Versandkosten.",lieferbar innerhalb von 2-5 Werktagen,2023-05-03 01:43:29.285515,Flüssig gefüllte Alkoholpralinen mit Milchschokolade-Überzug und gerösteten Haselnussstückchen,"Hinweis zur Aufbewahrung: Vor Wärme und Feuchtigkeit schützen! Es handelt sich um ein sehr empfindliches Produkt, das keinen höheren Temperaturen ausgesetzt werden sollten.","Verantwortliches Lebensmittelunternehmen:
Trumpf Schokoladenfabrik GmbH, Postfach 2015, 66720 Saarlouis, Deutschland","Zutatenverzeichnis: Zucker, HASELNÜSSE (15%), Kakaomasse, Wasser, Kakaobutter, MAGERMILCHPULVER, Calvados (2%), Cognac (2%), Whisky (2%), Grappa (2%), VOLLMILCHPULVER, BUTTERREINFETT, Verdickungsmittel (Gummi arabicum), MILCHZUCKER, SÜSSMOLKENPULVER, Emulgator (SOJALECITHINE), SAHNEPULVER, Vanilleextrakt, Salz. Überzüge Milchschokolade - Kakao: 30% mindestens; Milchschokolade-Kakao: 40% mindestens; Milchbestandteile: 14% mindestens. Kann ERDNÜSSE, andere SCHALENFRÜCHTE, GLUTEN und EI enthalten.",467,1955,22,"8,8",54,51,"4,6","0,08",https://www.edeka24.de/Lebensmittel/Suess-Salzig/Schoko-Leckereien/Trumpf-Edle-Tropfen-in-Nuss-Klassische-Braende-250G.html,https://www.edeka24.de/out/pictures/generated/product/1/540_540_90/trumpf_edle_tropfen_in_nuss_klassische_brnde.jpg
3014,Lebensmittel,Süß & Salzig,Schoko- Leckereien,EDEKA Genussmomente Lieblingsstücke 200G,"4,29 €","21,45 €/kg","inkl. MwSt., zzgl. 4.95 € Versandkosten.",lieferbar innerhalb von 2-5 Werktagen,2023-05-03 01:43:32.273311,Pralinenmischung,Hinweis zur Aufbewahrung: Vor Wärme geschützt und trocken lagern.,"Verantwortliches Lebensmittelunternehmen:
EDEKA ZENTRALE Stiftung & Co. KG, D-22291 Hamburg","Zutatenverzeichnis: Zucker, Kakaobutter, HASELNÜSSEN, Kakaomasse, MAGERMILCHPULVER, VOLLMILCHPULVER, BUTTERREINFETT, Kokosnussöl, pflanzliche Fette (Palm, Shea), Cornflakesgranulat (Mais, Zucker, Speisesalz, GERSTENMALZEXTRAKT), schokoliertes Birnen-Karamell-Granulat (Zucker, Kakaobutter, VOLLMILCHPULVER, Kakaomasse, BUTTERREINFETT, Wasser, Glukosesirup, Füllstoff: Polydextrose; Birne, Stärke, natürliches Aroma, Speisesalz, Emulgator: Lecithine [enthält SOJA]), krokantierter Kaffee (Zucker, Kaffee, Sonnenblumenöl), Marc de Champagne, SAHNEPULVER, MANDELN, WALNÜSSE, Feuchthaltemittel: Sorbit; Emulgator: Lecithine (enthält SOJA); SÜßMOLKENPULVER, Glukosesirup, invertzuckersirup, Kirschwasser, Alkohol, Kaffee, Überzugsmittel: Schellack; Säuerungsmittel: Citronensäure; natürliches Aroma, natürliches Walnuss- Aroma mit anderen natürlichen Aromen, natürliches Vanille-Aroma, natürliches Kaffee-Aroma. Das Produkt enthält Alkohol. Das Produkt kann Spuren von anderen SCHALENFRÜCHTEN und EIERN enthalten.",558,2326,"36,6","19,5","49,3","46,3","6,5","0,16",https://www.edeka24.de/Lebensmittel/Suess-Salzig/Schoko-Leckereien/EDEKA-Genussmomente-Lieblingsstuecke-200G.html,https://www.edeka24.de/out/pictures/generated/product/1/540_540_90/edeka_lieblingsstcke_200_g.jpg
3015,Lebensmittel,Süß & Salzig,Schoko- Leckereien,After Eight Mint chocolate Thins 400G,"4,49 €","11,23 €/kg","inkl. MwSt., zzgl. 4.95 € Versandkosten.",lieferbar innerhalb von 2-5 Werktagen,2023-05-03 01:43:34.799779,Hauchdünne Pfefferminzpralinen.,Hinweis zur Aufbewahrung: Trocken lagern. Vor Wärme schützen.,"Verantwortliches Lebensmittelunternehmen:
NESTLÉ DEUTSCHLAND AG, 60523 FRANKFURT AM MAIN, GERMANY","Zutatenverzeichnis: Zucker, Kakaomasse, Glukosesirup, Kakaobutter, BUTTERREINFETT, MAGERMILCHPULVER, MOLKENERZEUGNIS, Stabilisator Invertase, Emulgator Sonnenblumenlecithine, Pfefferminzöl, Salz, natürliches Vanillearoma, Säuerungsmittel Citronensäure.",428,1803,"12,9","7,4","74,1","64,4","2,3","0,04",https://www.edeka24.de/Lebensmittel/Suess-Salzig/Schoko-Leckereien/After-Eight-Mint-chocolate-Thins-400G.html,https://www.edeka24.de/out/pictures/generated/product/1/540_540_90/after_eight_mint_chocolate_thins.jpg
3016,Lebensmittel,Süß & Salzig,Schoko- Leckereien,Ferrero Kinder Schoko-Bons White 200G,"3,79 €","18,95 €/kg","inkl. MwSt., zzgl. 4.95 € Versandkosten.",lieferbar innerhalb von 2-5 Werktagen,2023-05-03 01:43:37.265881,"Gefüllte Eier aus Weißer Schokolade mit Milchfüllung (42,5%) und fein gehackten Haselnüssen.",Hinweis zur Aufbewahrung: Kühl und trocken aufbewahren.,"Verantwortliches Lebensmittelunternehmen:
Ferrero, 60624 Frankfurt am Main","Zutatenverzeichnis: Weiße Schokolade 50,5 % (MAGERMILCHPULVER, Kakaobutter, Zucker,BUTTERREINFETT, Emulgator Lecithine (SOJA), Vanillin),Zucker, MAGERMILCHPULVER (13,5 %), Palmöl, HASELNÜSSE (5,8%), BUTTERREINFETT, Überzugsmittel: Gummi arabicum, Schellack;Glukosesirup, Emulgator Lecithine (SOJA), Aromen. Gesamtmilchbestandteile im Produkt 36 %.Gesamtkakaobestandteile im Produkt 16,5 %.",2404,577,"38,3","22,5","47,3","47,2","10,3","0,381",https://www.edeka24.de/Lebensmittel/Suess-Salzig/Schoko-Leckereien/Ferrero-Kinder-Schoko-Bons-White-200G.html,https://www.edeka24.de/out/pictures/generated/product/1/540_540_90/ferrero_kinder_schokobons_white_200g.jpg
3017,Lebensmittel,Süß & Salzig,Schoko- Leckereien,Ferrero Mon Chéri Pralinen 10 Stück 105G,"2,39 €","22,76 €/kg","inkl. MwSt., zzgl. 4.95 € Versandkosten.",lieferbar innerhalb von 2-5 Werktagen,2023-05-03 01:43:40.273856,Likör-Kirsch-Pralinen.,Hinweis zur Aufbewahrung: Kühl und trocken aufbewahren,"Verantwortliches Lebensmittelunternehmen:
Ferrero, 60624 Frankfurt am Main","Zutatenverzeichnis: Halbbitterschokolade 49 % (Zucker, Kakaomasse, Kakaobutter, EmulgatorLecithine (SOJA), Vanillin), Zucker, Kirsche (18 %), Likör 13 %(Glukosesirup, Wasser, Alkohol, Zucker, Aromen), Kakaobutter.Kann MILCHBESTANDTEILE enthalten.",455,1902,"20,3","13,2","52,8","48,3","3,0","0,005",https://www.edeka24.de/Lebensmittel/Suess-Salzig/Schoko-Leckereien/Ferrero-Mon-Ch-ri-Pralinen-10-Stueck-105G.html,https://www.edeka24.de/out/pictures/generated/product/1/540_540_90/mon_chri_pralinen_10_stck.jpg
3018,Lebensmittel,Süß & Salzig,Schoko- Leckereien,Ferrero Die Besten Classic 269G,"5,79 €","21,52 €/kg","inkl. MwSt., zzgl. 4.95 € Versandkosten.",lieferbar innerhalb von 2-5 Werktagen (geringer Lagerbestand),2023-05-03 01:43:43.275437,"MON CHERI:Likör-Kirsch-Pralinen.FERRERO KUESSCHEN CLASSIC:Nusspralinen-Spezialität mit feiner Milch-Halbbitter-Schokolade.ROCHER:Knusprige Nuss-Pralinen-Spezialität mit zarter Milchschokolade und feiner Haselnusscreme (40,5 %).",Hinweis zur Aufbewahrung: Kühl und trocken aufbewahren,"Verantwortliches Lebensmittelunternehmen:
Ferrero, 60624 Frankfurt am Main GERMANY","Zutatenverzeichnis: MON CHERI ZUTATEN:Halbbitterschokolade 49 % (Zucker, Kakaomasse, Kakaobutter, EmulgatorLecithine (SOJA), Vanillin), Zucker, Kirsche (18 %), Likör 13 %(Glukosesirup, Wasser, Alkohol, Zucker, Aromen), Kakaobutter.Kann MILCHBESTANDTEILE enthalten.FERRERO KUESSCHEN CLASSIC ZUTATEN:MILCHSCHOKOLADE 31 % (Zucker, Kakaomasse, Kakaobutter,VOLLMILCHPULVER, BUTTERREINFETT, Emulgator Lecithine (SOJA), Vanillin), HASELNÜSSE (26,5 %), Halbbitterschokolade 15 % (Zucker, Kakaomasse, Kakaobutter, Emulgator Lecithine (SOJA), Vanillin), Palmöl, Zucker, eiweißangereichertes MOLKENPULVER, fettarmer Kakao, Vanillin.Kann GLUTEN und MANDELN enthalten.ROCHER ZUTATEN:MILCHSCHOKOLADE 30 % (Zucker, Kakaobutter, Kakaomasse,MAGERMILCHPULVER, BUTTERREINFETT, Emulgator Lecithine (SOJA), Vanillin), HASELNÜSSE (28,5 %), Zucker, Palmöl, WEIZENMEHL, SÜSSMOLKENPULVER, fettarmer Kakao,Emulgator Lecithine (SOJA), BacktriebmittelNatriumhydrogencarbonat, Salz, Vanillin.",,,,,,,,,https://www.edeka24.de/Lebensmittel/Suess-Salzig/Schoko-Leckereien/Ferrero-Die-Besten-Classic-269G.html,https://www.edeka24.de/out/pictures/generated/product/1/540_540_90/ferrero_die_besten_classic_269g.jpg
3019,Lebensmittel,Süß & Salzig,Schoko- Leckereien,Reese's Pieces 185G,"3,79 €","20,49 €/kg","inkl. MwSt., zzgl. 4.95 € Versandkosten.",lieferbar innerhalb von 2-5 Werktagen,2023-05-03 01:43:45.916597,Erdnussbuttercreme (62%) mit Zuckerüberzug (38%).,Hinweis zur Aufbewahrung: Kühl (13°C-18°C) und trocken lagern.,"Verantwortliches Lebensmittelunternehmen:
Genuport Trade GmbH, Gutenbergring 60, 22848 Norderstedt","Zutatenverzeichnis: Zucker, teilweise entfettete ERDNUSSKERNE, pflanzliche Fette (ganz gehärtetes Palmkernfett, Palmfett), Salz, Emulgatoren (SOJALECITHINE, Sonnenblumenlecithine), Reisstärke, Stabilisator (Gummi arabicum), Maltodextrin, Glukosesirup, GERSTENMALZEXTRAKT, Rote Beete Saftkonzentrat, Farbstoffe (Kurkurmin, echtes Karmin), Überzugsmittel (Carnaubawachs, Bienenwachs, weiß). Kann Spuren von HASELNUESSEN, MANDELN und MILCH enthalten.",1988,474,19,15,67,64,11,"0,41",https://www.edeka24.de/Lebensmittel/Suess-Salzig/Schoko-Leckereien/Reese-s-Pieces-185G.html,https://www.edeka24.de/out/pictures/generated/product/1/540_540_90/reese039s_pieces_erdnussbuttercreme_mit_zuckeramp252berzug_185g.jpg
3020,Lebensmittel,Süß & Salzig,Schoko- Leckereien,Nestle Choclait Chips Knusperbrezeln 140G,"2,29 €","16,36 €/kg","inkl. MwSt., zzgl. 4.95 € Versandkosten.",lieferbar innerhalb von 2-5 Werktagen,2023-05-03 01:43:49.074457,"Salzbrezeln mit 47% Milchschokolade überzogen, verfeinert mit 9,8% dunkler Schokolade.",Hinweis zur Aufbewahrung: Trocken lagern. Vor Wärme schützen.,"Verantwortliches Lebensmittelunternehmen:
Nestlé Deutschland AG 60523 Frankfurt am Main","Zutatenverzeichnis: Salzbrezeln (WEIZENMEHL, Rapsöl, Salz, Säureregulator Natriumhydroxid, 0,5% Meersalz, Hefe, GERSTENMALZEXTRAKT, Backtriebmittel Natriumcarbonate), Zucker, Kakaomasse*, Kakaobutter*, MAGERMILCHPULVER, pflanzliche Fette (Palm, Shea), MOLKENERZEUGNIS, BUTTERREINFETT, Emulgator Lecithine, natürliches Vanillearoma, Salz. Kann enthalten: SESAM und NÜSSE. *Rainforest Alliance-zertifiziert",409,98,"4,6","2,5","11,9","6,1","1,6","0,31",https://www.edeka24.de/Lebensmittel/Suess-Salzig/Schoko-Leckereien/Nestle-Choclait-Chips-Knusperbrezeln-140G.html,https://www.edeka24.de/out/pictures/generated/product/1/540_540_90/nestle_choclait_chips_knusperbrezeln_140g.jpg
3021,Lebensmittel,Süß & Salzig,Schoko- Leckereien,EDEKA Mini Lieblingsstücke 100G,"2,49 €","24,90 €/kg","inkl. MwSt., zzgl. 4.95 € Versandkosten.",lieferbar innerhalb von 2-5 Werktagen,2023-05-03 01:43:51.766113,Pralinenmischung,Hinweis zur Aufbewahrung: Vor Wärme geschützt und trocken lagern.,"Verantwortliches Lebensmittelunternehmen:
EDEKA ZENTRALE Stiftung & Co. KG, D-22291 Hamburg","Zutatenverzeichnis: Zucker, MANDELN, Kakaobutter, Kakaomasse, VOLLMILCHPULVER, LAKTOSE, Glukosesirup, Palmfett, MAGERMILCHPULVER, HASELNÜSSE, PISTAZIEN, KONDENSMAGERMILCH, Orangenlikör, Marc de CHampagne, Feuchhaltemittel: Sorbit, Invertase; Reismehl;Alkohol, Karamellzuckersirup, Emulgator: Lecithine (enthält SOJA); Sonnenblumenöl, BUTTER, fettarmes Kakaopulver, SÜßMOLKENPULVER, KAFFEE, Aroma, Spirituose, kandierte Orangenschalen, Weißweinpulver, Orangensaftpulver, WEIZENMEHL, Dextrose, Vanilleextrakt, Speißeextrakt, Speisesalz, WEIZENSTÄRKE, Backtriebmittel: Ammoniumcarboonate, Natriumcarbonate Das Produkt enthält Alkohol. Das Produkt kann Spuren von anderen SCHALENFRÜCHTEN, ERDNÜSSEN und EIERN enthalten.",501,2092,29,13,52,49,"6,3","0,09",https://www.edeka24.de/Lebensmittel/Suess-Salzig/Schoko-Leckereien/EDEKA-Mini-Lieblingsstuecke-100G.html,https://www.edeka24.de/out/pictures/generated/product/1/540_540_90/edeka_mini_lieblingsstcke_100_g.jpg
3022,Lebensmittel,Süß & Salzig,Schoko- Leckereien,Merci Finest Selection Große Vielfalt 400G,"6,99 €","17,48 €/kg","inkl. MwSt., zzgl. 4.95 € Versandkosten.",lieferbar innerhalb von 2-5 Werktagen,2023-05-03 01:43:54.256454,Gefüllte und nicht gefüllte Schokoladen-Spezialitäten.,Hinweis zur Aufbewahrung: Vor Wärme schützen.,"Verantwortliches Lebensmittelunternehmen:
August Storck KG, Waldstr. 27, D-13403 Berlin","Zutatenverzeichnis: Zutaten je nach Sorte: Zucker, Kakaobutter, Kakaomasse, VOLLMILCHPULVER, pflanzliche Fette (Palm, Shea), HASELNÜSSE, SAHNEPULVER, MANDELN, MILCHZUCKER, MOLKENERZEUGNIS, BUTTERMILCHPULVER, BUTTERREINFETT, magerer Kakao, MAGERMILCHPULVER, Dextrose, Emulgator Lecithine (SOJA), Fruktose, Kaffee, Glukosesirup, Invertzuckersirup, Aromen, Salz. Edel-Nougat-gefüllte Vollmilchschokolade; Kakao: 32% mindestens im Schokoladenanteil. Edel-Rahmschokolade; Kakao: 32% mindestens. Vollmilchschokolade mit Nuss- und Mandelstückchen; Kakao: 32% mindestens im Schokoladenanteil. Gefüllte Vollmilchschokolade mit Praliné-Creme; Kakao: 32% mindestens im Schokoladenanteil. Herbe Sahneschokolade; Kakao: 45% mindestens. Edel-Marzipan-gefüllte Schokolade; Kakao: 50% mindestens im Schokoladenanteil. Edel-Zartbitterschokolade gefüllt mit Kakao-Mousse; Kakao: 50% mindestens im Schokoladenanteil. Weiße Schokolade auf Edel-Kaffee-Sahneschokolade; Kakao: 32% mindestens im Sahneschokoladenanteil, 28% mindestens im weißen Schokoladenanteil. Alle Sorten können auch Anteile von HASELNUSS, MANDEL, ERDNUSS, anderen NÜSSEN und EI enthalten.",2341,562,"36,3","19,9","49,7","47,9","7,4","0,17",https://www.edeka24.de/Lebensmittel/Suess-Salzig/Schoko-Leckereien/Merci-Finest-Selection-Grosse-Vielfalt-400G.html,https://www.edeka24.de/out/pictures/generated/product/1/540_540_90/merci-finest-selection-400-gramm.jpg
3023,Lebensmittel,Süß & Salzig,Schoko- Leckereien,Merci Finest Selection Mandel Knusper Vielfalt 250G,"2,99 €","11,96 €/kg","inkl. MwSt., zzgl. 4.95 € Versandkosten.",lieferbar innerhalb von 2-5 Werktagen,2023-05-03 01:43:57.656067,"Schokoladen-Spezialitäten mit Mandel (9,2%)-Knusper-Stückchen.",,"Verantwortliches Lebensmittelunternehmen:
August Storck KG, Waldstr. 27, D-13403 Berlin","Zutatenverzeichnis: Je nach Sorte: Zucker, Kakaobutter, VOLLMILCHPULVER, Kakaomasse, MANDELN, SAHNEPULVER, HASELNÜSSE, MILCHZUCKER, BUTTERMILCHPULVER, MOLKENERZEUGNIS, Reismehl, Emulgator Lecithine (SOJA), Glukosesirup, Honig, WEIZENEIWEIß, pflanzliche Fette (Kokos, Palm, Sonnenblume), Salz, WEIZENMALZ, Aromen, gehackte PISTAZIEN, HÜHNEREI-EIWEIß, Kartoffelstärke. ALLE SORTEN KÖNNEN AUCH ANTEILE VON HASELNUSS, ERDNUSS, ANDEREN NÜSSEN, WEIZEN UND EI ENTHALTEN.",2358,566,"37,2",19,47,"44,7","9,3","0,23",https://www.edeka24.de/Lebensmittel/Suess-Salzig/Schoko-Leckereien/Merci-Finest-Selection-Mandel-Knusper-Vielfalt-250G.html,https://www.edeka24.de/out/pictures/generated/product/1/540_540_90/merci-mandel-nuss-vielfalt_250_pack.jpg
3024,Lebensmittel,Süß & Salzig,Schoko- Leckereien,Milka I Love Milka Haselnusscreme 110G,"2,49 €","22,64 €/kg","inkl. MwSt., zzgl. 4.95 € Versandkosten.",lieferbar innerhalb von 2-5 Werktagen,2023-05-03 01:44:05.391247,Alpenmilch Schokolade Pralinen mit Haselnusscrèmefüllung (40%).,Hinweis zur Aufbewahrung: Trocken lagern und vor Wärme schützen.,"Verantwortliches Lebensmittelunternehmen:
Mondelez Deutschland, D-28078 Bremen","Zutatenverzeichnis: Zucker, Kakaobutter, Palmöl, Kakaomasse, Süßmolkenpulver (aus MILCH), MAGERMILCHPULVER, BUTTERREINFETT, HASELNUSSMASSE, Emulgatoren (SOJALECITHINE, E476), Aromen (enthalten MILCH). 5% Haselnussmasse in Haselnusscremefüllung. Kann andere NÜSSE enthalten.",2283,547,33,18,57,56,"5,2","0,35",https://www.edeka24.de/Lebensmittel/Suess-Salzig/Schoko-Leckereien/Milka-I-Love-Milka-Haselnusscreme-110G.html,https://www.edeka24.de/out/pictures/generated/product/1/540_540_90/milka_i_love_milka_haselnuss_110g.jpg
3025,Lebensmittel,Süß & Salzig,Tafelschokolade,Milka Ganze Haselnüsse Schokolade 100G,"1,39 €","13,90 €/kg","inkl. MwSt., zzgl. 4.95 € Versandkosten.",lieferbar innerhalb von 2-5 Werktagen,2023-05-03 01:44:08.107577,Alpenmilchschokolade mit ganzen Haselnüssen. .,Hinweis zur Aufbewahrung: Trocken lagern und vor Wärme schützen.,"Verantwortliches Lebensmittelunternehmen:
Mondelez Deutschland, D-28078 Bremen","Zutatenverzeichnis: Zucker, HASELNÜSSE (20%), Kakaobutter, Kakaomasse, MAGERMILCHPULVER, Süssmolkenpulver (aus MILCH), BUTTERREINFETT, Emulgator (SOJALECITHINE), HASELNUSSMASSE, Aroma. Kakao: 33% mindestens in der Alpenmilch Schokolade. Kann enthalten: andere NÜSSE und WEIZEN.",2346,563,37,16,47,45,"8,2","0,22",https://www.edeka24.de/index.php?cl=details&anid=c284d997d9cc81e42.43104666&emcs0=3&emcs1=Kategorieseite%20-%20Topseller&emcs2=&emcs3=120765003,https://www.edeka24.de/out/pictures/generated/product/1/540_540_90/milka_ganze_haselnsse_schokolade_100g.jpg
3026,Lebensmittel,Süß & Salzig,Tafelschokolade,Milka Luflee Schokolade 100G,"1,49 €","14,90 €/kg","inkl. MwSt., zzgl. 4.95 € Versandkosten.",lieferbar innerhalb von 2-5 Werktagen,2023-05-03 01:44:11.151611,Alpenmilch Luftschokolade.,Hinweis zur Aufbewahrung: Trocken lagern und vor Wärme schützen.,"Verantwortliches Lebensmittelunternehmen:
Mondelez Deutschland, D-28078 Bremen","Zutatenverzeichnis: Zucker, Kakaobutter, Kakaomasse, MAGERMILCHPULVER, Süssmolkenpulver (aus MILCH), BUTTERREINFETT, HASELNUSSMASSE, Emulgatoren (SOJALECITHINE, E476), Aromen. Kakao: 33% mindestens. Kann enthalten: andere NÜSSE und WEIZEN.",2261,542,32,19,56,54,"6,5","0,27",https://www.edeka24.de/index.php?cl=details&anid=c284d997e11d074d4.22210362&emcs0=3&emcs1=Kategorieseite%20-%20Topseller&emcs2=&emcs3=597609000,https://www.edeka24.de/out/pictures/generated/product/1/540_540_90/milka_luflee_schokolade_100g.jpg
3027,Lebensmittel,Süß & Salzig,Tafelschokolade,Cailler Milch-Schokolade 100G,"1,39 €","13,90 €/kg","inkl. MwSt., zzgl. 4.95 € Versandkosten.",lieferbar innerhalb von 2-5 Werktagen,2023-05-03 01:44:14.639832,Schweizer Alpenmilchschokolade. Kakao: 31% mindestens.,Hinweis zur Aufbewahrung: Trocken und kühl lagern. Vor Sonnenlicht schützen.,"Verantwortliches Lebensmittelunternehmen:
Nestlé France SAS, 7, Boulevard Pierre Carle FR-77446 Marne la Vallée, Cedex 2","Zutatenverzeichnis: Gezuckerte KONDENSVOLLMILCH 51%, Zucker, Kakaobutter, Kakao, BUTTERREINFETT, Emulgator (Sonnenblumenlecithin), Vanille-Extrakt. Kann Spuren von NÜSSEN, GLUTEN, SOJA und EI enthalten.",565,2354,"35,6","20,9","51,5","50,8","8,8","0,3",https://www.edeka24.de/index.php?cl=details&anid=fcd2a9f9fcb1d2f941e292bd06fdfac3&emcs0=3&emcs1=Kategorieseite%20-%20Topseller&emcs2=&emcs3=799872000,https://www.edeka24.de/out/pictures/generated/product/1/540_540_90/cailler_milchschokolade_100g.jpg
3028,Lebensmittel,Süß & Salzig,Tafelschokolade,Cailler Schokolade Dessert 100G,"1,39 €","13,90 €/kg","inkl. MwSt., zzgl. 4.95 € Versandkosten.",lieferbar innerhalb von 2-5 Werktagen,2023-05-03 01:44:18.277624,Gianduja Praliné-Milchschokolade. Kakao: 25% mindestens.,Hinweis zur Aufbewahrung: Trocken und kühl lagern. Vor Sonnenlicht schützen.,"Verantwortliches Lebensmittelunternehmen:
Nestlé France SAS, 7, Boulevard Pierre Carle FR-77446 Marne la Vallée, Cedex 2","Zutatenverzeichnis: Zucker, gezuckerte KONDENSVOLLMILCH, HASELNÜSSE 19%, Kakaobutter, Kakao, BUTTERREINFETT, Emulgator (Sonnenblumenlecithin), Vanille-Extract. Kann Spuren von NÜSSEN, GLUTEN, SOJA und EI enthalten.",563,2348,"36,3","15,4","49,1","47,4","8,8","0,21",https://www.edeka24.de/index.php?cl=details&anid=55fd37379ffc37203cb89ffc68039059&emcs0=3&emcs1=Kategorieseite%20-%20Topseller&emcs2=&emcs3=799778009,https://www.edeka24.de/out/pictures/generated/product/1/540_540_90/cailler_schokolade_dessert_100g.jpg
3029,Lebensmittel,Süß & Salzig,Tafelschokolade,Schogetten Edel-Alpenvollmilch 100G,"1,39 €","13,90 €/kg","inkl. MwSt., zzgl. 4.95 € Versandkosten.",lieferbar innerhalb von 2-5 Werktagen,2023-05-03 01:44:21.108425,Alpenmilchschokolade,Hinweis zur Aufbewahrung: Bitte vor Wärme und Feuchtigkeit schützen.,"Verantwortliches Lebensmittelunternehmen:
Luwdig Schokolade GmbH & Co. KG, Postfach 2015, 66720 Saarlouis, Deutschland","Zutatenverzeichnis: Zucker, Kakaobutter, SAHNEPULVER, Kakaomasse, VOLLMILCHPULVER, BUTTERREINFETT, Emulgator (SOJALECITHINE), natürliches Vanillearoma. Alpenvollmilchschokolade: Kakao: 30% mindestens. Kann ERDNÜSSE, SCHALENFRÜCHTE, GLUTEN und EI enthalten.",2332,559,35,21,55,54,"5,2","0,15",https://www.edeka24.de/index.php?cl=details&anid=c284d997d9db73927.07740724&emcs0=3&emcs1=Kategorieseite%20-%20Topseller&emcs2=&emcs3=120989007,https://www.edeka24.de/out/pictures/generated/product/1/540_540_90/schogetten_vollmilch_100_g.jpg
3030,Lebensmittel,Süß & Salzig,Tafelschokolade,Cailler Milch-Schokolade 100G,"1,39 €","13,90 €/kg","inkl. MwSt., zzgl. 4.95 € Versandkosten.",lieferbar innerhalb von 2-5 Werktagen,2023-05-03 01:44:23.575155,Schweizer Alpenmilchschokolade. Kakao: 31% mindestens.,Hinweis zur Aufbewahrung: Trocken und kühl lagern. Vor Sonnenlicht schützen.,"Verantwortliches Lebensmittelunternehmen:
Nestlé France SAS, 7, Boulevard Pierre Carle FR-77446 Marne la Vallée, Cedex 2","Zutatenverzeichnis: Gezuckerte KONDENSVOLLMILCH 51%, Zucker, Kakaobutter, Kakao, BUTTERREINFETT, Emulgator (Sonnenblumenlecithin), Vanille-Extrakt. Kann Spuren von NÜSSEN, GLUTEN, SOJA und EI enthalten.",565,2354,"35,6","20,9","51,5","50,8","8,8","0,3",https://www.edeka24.de/Lebensmittel/Suess-Salzig/Tafelschokolade/Cailler-Milch-Schokolade-100G.html,https://www.edeka24.de/out/pictures/generated/product/1/540_540_90/cailler_milchschokolade_100g.jpg
3031,Lebensmittel,Süß & Salzig,Tafelschokolade,Milka Luflee Schokolade 100G,"1,49 €","14,90 €/kg","inkl. MwSt., zzgl. 4.95 € Versandkosten.",lieferbar innerhalb von 2-5 Werktagen,2023-05-03 01:44:26.307423,Alpenmilch Luftschokolade.,Hinweis zur Aufbewahrung: Trocken lagern und vor Wärme schützen.,"Verantwortliches Lebensmittelunternehmen:
Mondelez Deutschland, D-28078 Bremen","Zutatenverzeichnis: Zucker, Kakaobutter, Kakaomasse, MAGERMILCHPULVER, Süssmolkenpulver (aus MILCH), BUTTERREINFETT, HASELNUSSMASSE, Emulgatoren (SOJALECITHINE, E476), Aromen. Kakao: 33% mindestens. Kann enthalten: andere NÜSSE und WEIZEN.",2261,542,32,19,56,54,"6,5","0,27",https://www.edeka24.de/Lebensmittel/Suess-Salzig/Tafelschokolade/Milka-Luflee-Schokolade-100G.html,https://www.edeka24.de/out/pictures/generated/product/1/540_540_90/milka_luflee_schokolade_100g.jpg
3032,Lebensmittel,Süß & Salzig,Tafelschokolade,Milka Alpenmilch Schokolade 100G,"1,49 €","14,90 €/kg","inkl. MwSt., zzgl. 4.95 € Versandkosten.",lieferbar innerhalb von 2-5 Werktagen,2023-05-03 01:44:29.121239,-,Hinweis zur Aufbewahrung: Trocken lagern und vor Wärme schützen.,"Verantwortliches Lebensmittelunternehmen:
Mondelez Deutschland, D-28078 Bremen","Zutatenverzeichnis: Zucker, Kakaobutter, Kakaomasse, MAGERMILCHPULVER, Süssmolkenpulver (aus MILCH), BUTTERREINFETT, Emulgator (SOJALECITHINE), HASELNUSSMASSE, Aroma. Kakao: 33% mindestens. Kann andere NÜSSE und WEIZEN enthalten.",530,2220,"29,5","17,5","58,5",58,"6,4","0,43",https://www.edeka24.de/Lebensmittel/Suess-Salzig/Tafelschokolade/Milka-Alpenmilch-Schokolade-100G.html,https://www.edeka24.de/out/pictures/generated/product/1/540_540_90/milka_alpenmilch_schokolade_100g.jpg
3033,Lebensmittel,Süß & Salzig,Tafelschokolade,Cailler Milch-Nuss-Schokolade 100G,"1,39 €","13,90 €/kg","inkl. MwSt., zzgl. 4.95 € Versandkosten.",lieferbar innerhalb von 2-5 Werktagen,2023-05-03 01:44:32.007430,Milchschokolade mit ganzen Haselnüssen. Kakao: 31% mindestens.,Hinweis zur Aufbewahrung: Trocken und kühl lagern. Vor Sonnenlicht schützen.,"Verantwortliches Lebensmittelunternehmen:
Nestlé Deutschland AG, Lyoner Straße 23, 60528 Frankfurt / Main","Zutatenverzeichnis: Gezuckerte KONDENSVOLLMILCH 39%, Zucker, HASELNÜSSE 24%, Kakaobutter, Kakao, BUTTERREINFETT, Emulgator (Sonnenblumenlecithin), Vanille-Extrakt. Kann Spuren von anderen NÜSSEN, GLUTEN, SOJA und EI enthalten.",594,2471,"42,3","16,9","41,8","39,2","10,2","0,23",https://www.edeka24.de/Lebensmittel/Suess-Salzig/Tafelschokolade/Cailler-Milch-Nuss-Schokolade-100G.html,https://www.edeka24.de/out/pictures/generated/product/1/540_540_90/cailler_milchnussschokolade_100g.jpg
3034,Lebensmittel,Süß & Salzig,Tafelschokolade,Ritter Sport Nugat 250G,"2,69 €","10,76 €/kg","inkl. MwSt., zzgl. 4.95 € Versandkosten.",lieferbar innerhalb von 2-5 Werktagen,2023-05-03 01:44:34.851414,-,Hinweis zur Aufbewahrung: Vor Wärme und Feuchtigkeit schützen.,"Verantwortliches Lebensmittelunternehmen:
Alfred Ritter GmbH & Co. KG, Alfred-Ritter-Str. 25, 71111 Waldenbuch","Zutatenverzeichnis: Zucker, HASELNUSSMASSE (18%), Kakaobutter¹, Kakaomasse¹, VOLLMILCHPULVER, MAGERMILCHPULVER, LAKTOSE, BUTTERREINFETT, Emulgator: Lecithine (SOJA). Kann Spuren von ERDNÜSSEN, anderen SCHALENFRÜCHTEN, GLUTENHALTIGEM GETREIDE und EI enthalten. ¹Rainforest Alliance Certified.",2319,556,34,14,54,51,"7,3","0,12",https://www.edeka24.de/Lebensmittel/Suess-Salzig/Tafelschokolade/Ritter-Sport-Nugat-250G.html,https://www.edeka24.de/out/pictures/generated/product/1/540_540_90/rsnugat250.jpg
3035,Lebensmittel,Süß & Salzig,Tafelschokolade,Ritter Sport Marzipan 100G,"1,39 €","13,90 €/kg","inkl. MwSt., zzgl. 4.95 € Versandkosten.",lieferbar innerhalb von 2-5 Werktagen,2023-05-03 01:44:38.251149,Gefüllte Halbbitter-Schokolade mit Edel-Marzipan (44%).,Hinweis zur Aufbewahrung: Vor Wärme und Feuchtigkeit schützen.,"Verantwortliches Lebensmittelunternehmen:
Alfred Ritter GmbH & Co. KG, 71111 Waldenbuch","Zutatenverzeichnis: Zucker, Kakaomasse¹, MANDELN (16 %), Kakaobutter¹, Invertzuckersirup, Emulgator: Lecithine (SOJA), Feuchthaltemittel: Invertase. Kann Spuren von ERDNÜSSEN, anderen SCHALENFRÜCHTEN, GLUTENHALTIGEM GETREIDE, MILCH und EI enthalten. ¹Rainforest Alliance Certified.",2069,496,27,11,52,51,7,"0,01",https://www.edeka24.de/Lebensmittel/Suess-Salzig/Tafelschokolade/Ritter-Sport-Marzipan-100G.html,https://www.edeka24.de/out/pictures/generated/product/1/540_540_90/rsmarzi.jpg
3036,Lebensmittel,Süß & Salzig,Tafelschokolade,Milka Erdbeer Schokolade 100G,"1,49 €","14,90 €/kg","inkl. MwSt., zzgl. 4.95 € Versandkosten.",lieferbar innerhalb von 2-5 Werktagen,2023-05-03 01:44:40.861037,Alpenmilchschokolade mit einer Magermilchjoghurt-Creme-Füllung (51%) mit Erdbeergeschmack.,Hinweis zur Aufbewahrung: Trocken lagern und vor Wärme schützen.,"Verantwortliches Lebensmittelunternehmen:
Mondelez Deutschland, D-28078 Bremen","Zutatenverzeichnis: Zucker, Palmöl, Süssmolkenpulver (aus MILCH), Kakaobutter, Kakaomasse, MAGERMILCHPULVER, BUTTERREINFETT, Emulgator (SOJALECITHINE), Traubenzucker, Aromen, HASELNUSSMASSE, Erdbeerpulver (0,2%), Maltodextrin, Säuerungsmittel (Citronensäure). Kann enthalten: andere NÜSSE und WEIZEN.",2337,560,35,20,57,56,"4,0","0,23",https://www.edeka24.de/Lebensmittel/Suess-Salzig/Tafelschokolade/Milka-Erdbeer-Schokolade-100G.html,https://www.edeka24.de/out/pictures/generated/product/1/540_540_90/milka_erdbeer_schokolade_100g.jpg
3037,Lebensmittel,Süß & Salzig,Tafelschokolade,Cailler Schokolade Dessert 100G,"1,39 €","13,90 €/kg","inkl. MwSt., zzgl. 4.95 € Versandkosten.",lieferbar innerhalb von 2-5 Werktagen,2023-05-03 01:44:43.826219,Gianduja Praliné-Milchschokolade. Kakao: 25% mindestens.,Hinweis zur Aufbewahrung: Trocken und kühl lagern. Vor Sonnenlicht schützen.,"Verantwortliches Lebensmittelunternehmen:
Nestlé France SAS, 7, Boulevard Pierre Carle FR-77446 Marne la Vallée, Cedex 2","Zutatenverzeichnis: Zucker, gezuckerte KONDENSVOLLMILCH, HASELNÜSSE 19%, Kakaobutter, Kakao, BUTTERREINFETT, Emulgator (Sonnenblumenlecithin), Vanille-Extract. Kann Spuren von NÜSSEN, GLUTEN, SOJA und EI enthalten.",563,2348,"36,3","15,4","49,1","47,4","8,8","0,21",https://www.edeka24.de/Lebensmittel/Suess-Salzig/Tafelschokolade/Cailler-Schokolade-Dessert-100G.html,https://www.edeka24.de/out/pictures/generated/product/1/540_540_90/cailler_schokolade_dessert_100g.jpg
3038,Lebensmittel,Süß & Salzig,Tafelschokolade,Ritter Sport Rum Trauben Nuss 100G,"1,39 €","13,90 €/kg","inkl. MwSt., zzgl. 4.95 € Versandkosten.",lieferbar innerhalb von 2-5 Werktagen,2023-05-03 01:44:50.059210,"Vollmilchschokolade mit Sultaninen (13%) eingelegt in Rum (2%) und Haselnuss-Stückchen (5,5%). Kakao: 30% mindestens im Schokoladenanteil.",Hinweis zur Aufbewahrung: Vor Wärme und Feuchtigkeit schützen.,"Verantwortliches Lebensmittelunternehmen:
Alfred Ritter GmbH & Co. KG, 71111 Waldenbuch","Zutatenverzeichnis: Zucker, Kakaobutter¹, Sultaninen, Kakaomasse¹, VOLLMILCHPULVER, HASELNÜSSE, LAKTOSE, MAGERMILCHPULVER, BUTTERREINFETT, Rum, Emulgator: Lecithine (SOJA). Kann Spuren von ERDNÜSSEN, anderen SCHALENFRÜCHTEN, GLUTENHALTIGEM GETREIDE und EI enthalten. Alkoholhaltig! ¹Rainforest Alliance Certified.",2179,522,28,15,56,54,"6,3","0,15",https://www.edeka24.de/Lebensmittel/Suess-Salzig/Tafelschokolade/Ritter-Sport-Rum-Trauben-Nuss-100G.html,https://www.edeka24.de/out/pictures/generated/product/1/540_540_90/rsrtn.jpg
3039,Lebensmittel,Süß & Salzig,Tafelschokolade,Ritter Sport Kakao-Mousse Tafel 100G,"1,29 €","12,90 €/kg","inkl. MwSt., zzgl. 4.95 € Versandkosten.",lieferbar innerhalb von 2-5 Werktagen,2023-05-03 01:44:52.849302,Tafelschokolade,Hinweis zur Aufbewahrung: Vor Wärme und Feuchtigkeit schützen.,"Verantwortliches Lebensmittelunternehmen:
Alfred Ritter GmbH & Co. KG, Alfred-Ritter-Str. 25, 71111 Waldenbuch","Zutatenverzeichnis: Zucker, VOLLMILCHPULVER (16 %), Palmfett*, Kakaobutter¹, Kakaomasse¹, magerer Kakao¹ (5 %), MAGERMILCHPULVER, BUTTERREINFETT, HASELNUSSMASSE, Emulgator: Lecithine (SOJA). *zertifiziert nachhaltig. Kann Spuren von ERDNÜSSEN, anderen SCHALENFRÜCHTEN, GLUTENHALTIGEM GETREIDE und EI enthalten. ¹Rainforest Alliance Certified.",2400,577,39,23,47,46,"7,4","0,27",https://www.edeka24.de/Lebensmittel/Suess-Salzig/Tafelschokolade/Ritter-Sport-Kakao-Mousse-Tafel-100G.html,https://www.edeka24.de/out/pictures/generated/product/1/540_540_90/rskakao-mousse.jpg
3040,Lebensmittel,Süß & Salzig,Tafelschokolade,Milka Noisette Schokolade 100G,"1,49 €","14,90 €/kg","inkl. MwSt., zzgl. 4.95 € Versandkosten.",lieferbar innerhalb von 2-5 Werktagen,2023-05-03 01:44:56.236302,Alpenmilchschokolade mit Haselnussmasse.,Hinweis zur Aufbewahrung: Trocken lagern und vor Wärme schützen.,"Verantwortliches Lebensmittelunternehmen:
Mondelez Deutschland, D-28078 Bremen","Zutatenverzeichnis: Zucker, Kakaobutter, HASELNUSSMASSE (13 %), Kakaomasse, MAGERMILCHPULVER, Süssmolkenpulver (aus MILCH), BUTTERREINFETT, Emulgator (SOJALECITHINE), Aroma. Kakao: 33% mindestens in der Alpenmilch Schokolade. Kann enthalten: andere NÜSSE und WEIZEN",2324,557,35,17,51,49,"7,6","0,24",https://www.edeka24.de/Lebensmittel/Suess-Salzig/Tafelschokolade/Milka-Noisette-Schokolade-100G.html,https://www.edeka24.de/out/pictures/generated/product/1/540_540_90/milka_noisette_schokolade_100g.jpg
3041,Lebensmittel,Süß & Salzig,Tafelschokolade,Ritter Sport Nuss Klasse Weisse Voll-Nuss 100G,"1,59 €","15,90 €/kg","inkl. MwSt., zzgl. 4.95 € Versandkosten.",lieferbar innerhalb von 2-5 Werktagen,2023-05-03 01:44:59.191091,Weiße Schokolade mit ganzen Haselnüssen (25%) und Reis-Flakes (3%).,Hinweis zur Aufbewahrung: Vor Wärme und Feuchtigkeit schützen.,"Verantwortliches Lebensmittelunternehmen:
Alfred Ritter GmbH & Co. KG, 71111 Waldenbuch","Zutatenverzeichnis: Zucker, HASELNÜSSE, Kakaobutter¹, VOLLMILCHPULVER, LAKTOSE, Reis (2,5 %), BUTTERREINFETT, Emulgator: Lecithine (SOJA), Salz, GERSTENMALZEXTRAKT. Kann Spuren von ERDNÜSSEN, anderen SCHALENFRÜCHTEN und EI enthalten. ¹Rainforest Alliance Certified.",2427,583,40,16,48,44,"7,9","0,22",https://www.edeka24.de/Lebensmittel/Suess-Salzig/Tafelschokolade/Ritter-Sport-Nuss-Klasse-Weisse-Voll-Nuss-100G.html,https://www.edeka24.de/out/pictures/generated/product/1/540_540_90/rsweissevn.jpg
3042,Lebensmittel,Süß & Salzig,Tafelschokolade,vehappy Vegane Tafel Blond 80G MHD 13.06.2023,"1,20 €","15,00 €/kg","inkl. MwSt., zzgl. 4.95 € Versandkosten.",lieferbar innerhalb von 2-5 Werktagen,2023-05-03 01:45:02.588217,"Kakaobutterzubereitung mit 15,5% Kokosnussmilchpulver und 1% Haselnusspaste, verfeinert mit 20% gehackten Mandeln. Kakao: 25% mindestens in der Kakaobutterzubereitung",Hinweis zur Aufbewahrung: Kühl und trocken lagern.,"Verantwortliches Lebensmittelunternehmen:
EUCO GmbH, 22291 Hamburg","Zutatenverzeichnis: Zucker, MANDELN, Kakaobutter1, Kokosnussmilchpulver (Kokosnussmilch, Glukosesirup), Reissiruppulver, HASELNÜSSE, Kakaomasse1, Emulgator: Lecithine; Speisesalz, natürliches Vanille-Aroma. Das Produkt kann Spuren von GLUTEN und SOJA enthalten. 1 Rainforest Alliance-zertifiziert",2490,599,"42,9","19,5","44,9",35,"6,2","0,13",https://www.edeka24.de/Lebensmittel/Suess-Salzig/Tafelschokolade/vehappy-Vegane-Tafel-Blond-80G-MHD-13-06-2023.html,https://www.edeka24.de/out/pictures/generated/product/1/540_540_90/vehappy_blond_bestmandeln_vegane_schokolade_80g.jpg
3043,Lebensmittel,Süß & Salzig,Tafelschokolade,Ritter Sport Alpenmilch 100G,"1,39 €","13,90 €/kg","inkl. MwSt., zzgl. 4.95 € Versandkosten.",lieferbar innerhalb von 2-5 Werktagen,2023-05-03 01:45:06.210230,Alpen-Vollmilchschokolade. Kakao: 30% mindestens.,Hinweis zur Aufbewahrung: Vor Wärme und Feuchtigkeit schützen.,"Verantwortliches Lebensmittelunternehmen:
Alfred Ritter GmbH & Co. KG, 71111 Waldenbuch","Zutatenverzeichnis: Zucker, VOLLMILCHPULVER (20 %), Kakaobutter¹, Kakaomasse¹, HASELNUSSMASSE, Emulgator: Lecithine (SOJA). Kann Spuren von ERDNÜSSEN, anderen SCHALENFRÜCHTEN, GLUTENHALTIGEM GETREIDE und EI enthalten. ¹Rainforest Alliance Certified",2282,547,32,20,54,53,"8,2","0,18",https://www.edeka24.de/Lebensmittel/Suess-Salzig/Tafelschokolade/Ritter-Sport-Alpenmilch-100G.html,https://www.edeka24.de/out/pictures/generated/product/1/540_540_90/ritter_sport_alpenmilch_tafel_100g.jpg
3044,Lebensmittel,Süß & Salzig,Tafelschokolade,Ritter Sport Trauben Nuss 100G,"1,39 €","13,90 €/kg","inkl. MwSt., zzgl. 4.95 € Versandkosten.",lieferbar innerhalb von 2-5 Werktagen,2023-05-03 01:45:09.140601,Vollmilchschokolade mit Sultaninen (16%) und Haselnuss-Stückchen (7%). Kakao. 30% mindestens im Schokoladenanteil.,Hinweis zur Aufbewahrung: Vor Wärme und Feuchtigkeit schützen.,"Verantwortliches Lebensmittelunternehmen:
Alfred Ritter GmbH & Co. KG, 71111 Waldenbuch","Zutatenverzeichnis: Zucker, Sultaninen, Kakaobutter¹, Kakaomasse¹, VOLLMILCHPULVER, HASELNÜSSE, LAKTOSE, MAGERMILCHPULVER, BUTTERREINFETT, Emulgator: Lecithine (SOJA). Kann Spuren von ERDNÜSSEN, anderen SCHALENFRÜCHTEN, GLUENHALTIGEM GETREIDE und EI enthalten. ¹Rainforest Alliance Certified.",2172,520,28,15,57,55,"6,5","0,14",https://www.edeka24.de/Lebensmittel/Suess-Salzig/Tafelschokolade/Ritter-Sport-Trauben-Nuss-100G.html,https://www.edeka24.de/out/pictures/generated/product/1/540_540_90/ritter_sport_trauben_nuss_tafel_100g.jpg
3045,Lebensmittel,Süß & Salzig,Tafelschokolade,Ritter Sport Waffel 100G,"1,39 €","13,90 €/kg","inkl. MwSt., zzgl. 4.95 € Versandkosten.",lieferbar innerhalb von 2-5 Werktagen,2023-05-03 01:45:11.626146,"Vollmilchschokolade gefüllt mit Kakaocreme (28%), Reis-Flakes (1,5%) mit einer Waffelcremefüllung (11%).",Hinweis zur Aufbewahrung: Vor Wärme und Feuchtigkeit schützen.,"Verantwortliches Lebensmittelunternehmen:
Alfred Ritter GmbH & Co. KG, 71111 Waldenbuch","Zutatenverzeichnis: Zucker, Palmfett*, Kakaobutter¹, VOLLMILCHPULVER, Kakaomasse¹, MAGERMILCHPULVER, WEIZENMEHL, magerer Kakao¹, LAKTOSE, BUTTERREINFETT, Kokosöl, Reis, Glukosesirup, SÜSSMOLKENPULVER, Emulgator: Lecithine (SOJA), SOJAMEHL, GERSTENMALZEXTRAKT, Salz, HASELNUSSMASSE, Bourbon Vanilleschoten gemahlen, Gewürze. *zertifiziert nachhaltig. Kann Spuren von ERDNÜSSEN, anderen SCHALENFRÜCHTEN und EI enthalten. ¹Rainforest Alliance Certified.",2304,553,34,21,52,46,"6,6","0,32",https://www.edeka24.de/Lebensmittel/Suess-Salzig/Tafelschokolade/Ritter-Sport-Waffel-100G.html,https://www.edeka24.de/out/pictures/generated/product/1/540_540_90/rittersportwafer.jpg
3046,Lebensmittel,Süß & Salzig,Tafelschokolade,Milka Ganze Haselnüsse Schokolade 100G,"1,39 €","13,90 €/kg","inkl. MwSt., zzgl. 4.95 € Versandkosten.",lieferbar innerhalb von 2-5 Werktagen,2023-05-03 01:45:14.168198,Alpenmilchschokolade mit ganzen Haselnüssen. .,Hinweis zur Aufbewahrung: Trocken lagern und vor Wärme schützen.,"Verantwortliches Lebensmittelunternehmen:
Mondelez Deutschland, D-28078 Bremen","Zutatenverzeichnis: Zucker, HASELNÜSSE (20%), Kakaobutter, Kakaomasse, MAGERMILCHPULVER, Süssmolkenpulver (aus MILCH), BUTTERREINFETT, Emulgator (SOJALECITHINE), HASELNUSSMASSE, Aroma. Kakao: 33% mindestens in der Alpenmilch Schokolade. Kann enthalten: andere NÜSSE und WEIZEN.",2346,563,37,16,47,45,"8,2","0,22",https://www.edeka24.de/Lebensmittel/Suess-Salzig/Tafelschokolade/Milka-Ganze-Haselnuesse-Schokolade-100G.html,https://www.edeka24.de/out/pictures/generated/product/1/540_540_90/milka_ganze_haselnsse_schokolade_100g.jpg
3047,Lebensmittel,Süß & Salzig,Tafelschokolade,Ritter Sport Weisse Crisp 250G,"2,69 €","10,76 €/kg","inkl. MwSt., zzgl. 4.95 € Versandkosten.",lieferbar innerhalb von 2-5 Werktagen,2023-05-03 01:45:16.852041,Weiße Schokolade mit Cornflakes (6%) und Reis-Flakes (6%),Hinweis zur Aufbewahrung: Vor Wärme und Feuchtigkeit schützen.,"Verantwortliches Lebensmittelunternehmen:
Alfred Ritter GmbH & Co. KG, 71111 Waldenbuch","Zutatenverzeichnis: Zucker, Kakaobutter¹, VOLLMILCHPULVER, LAKTOSE, Mais (5,5%), Reis (5%), BUTTERREINFETT, Emulgator: Lecithine (SOJA), Salz, GERSTENMALZEXTRAKT. Kann Spuren von ERDNÜSSEN, SCHALENFRÜCHTEN und EI enthalten. ¹Rainforest Alliance Certified.",2236,535,29,18,62,53,"5,4","0,46",https://www.edeka24.de/Lebensmittel/Suess-Salzig/Tafelschokolade/Ritter-Sport-Weisse-Crisp-250G.html,https://www.edeka24.de/out/pictures/generated/product/1/540_540_90/rswc.jpg
3048,Lebensmittel,Süß & Salzig,Tafelschokolade,Alpia Edel-Marzipan 100G,"1,19 €","11,90 €/kg","inkl. MwSt., zzgl. 4.95 € Versandkosten.",lieferbar innerhalb von 2-5 Werktagen,2023-05-03 01:45:20.082579,Zartbitterschokolade (Kakao: 50% mindestens) mit 35% Edel Marzipan Füllung,Hinweis zur Aufbewahrung: Bitte kühl und trocken aufbewahren.,"Verantwortliches Lebensmittelunternehmen:
Stollwerck GmbH, Stollwerckstraße 27-31, DE-51149 Köln","Zutatenverzeichnis: Zucker, Kakaomasse, MANDELN (13%), Feuchthaltemittel Sorbitsirup, Kakaobutter, Wasser, Butterreinfett (MILCH), Emulgator SOJAlecithine, HASELNÜSSE, Aroma",498,2078,"28,3","13,8","50,4","47,9","6,5","0,01",https://www.edeka24.de/Lebensmittel/Suess-Salzig/Tafelschokolade/Alpia-Edel-Marzipan-100G.html,https://www.edeka24.de/out/pictures/generated/product/1/540_540_90/4001743024403.jpg
3049,Lebensmittel,Süß & Salzig,Tafelschokolade,Kinder Schokolade 300G,"3,79 €","12,63 €/kg","inkl. MwSt., zzgl. 4.95 € Versandkosten.",lieferbar innerhalb von 2-5 Werktagen,2023-05-03 01:45:26.600025,Gefüllte Vollmilchschokolade mit Milchfüllung (60 %).,Hinweis zur Aufbewahrung: Kühl und trocken aufbewahren,"Verantwortliches Lebensmittelunternehmen:
Ferrero, 60624 Frankfurt am Main GERMANY","Zutatenverzeichnis: VOLLMILCHSCHOKOLADE 40 % (Zucker, VOLLMILCHPULVER,Kakaobutter, Kakaomasse, Emulgator Lecithine (SOJA), Vanillin),Zucker, MAGERMILCHPULVER (18 %), Palmöl, BUTTERREINFETT,Emulgator Lecithine (SOJA), Vanillin.Gesamtmilchbestandteile im Produkt 33 %.Gesamtkakaobestandteile im Produkt 13 %.",2360,566,35,"22,6","53,5","53,3","8,7","0,313",https://www.edeka24.de/Lebensmittel/Suess-Salzig/Tafelschokolade/Kinder-Schokolade-300G.html,https://www.edeka24.de/out/pictures/generated/product/1/540_540_90/kinder300g.jpg
3050,Lebensmittel,Süß & Salzig,Tafelschokolade,EDEKA Bio Schweizer Zartbitterschokolade 70% 100G,"1,59 €","15,90 €/kg","inkl. MwSt., zzgl. 4.95 € Versandkosten.",lieferbar innerhalb von 2-5 Werktagen,2023-05-03 01:45:28.833612,"Bio-Zartbitterschokolade, Kakao: 70% mindestens",Hinweis zur Aufbewahrung: Vor Wärme geschützt und trocken lagern.,"Verantwortliches Lebensmittelunternehmen:
EDEKA ZENTRALE Stiftung & Co. KG, D-22291 Hamburg","Zutatenverzeichnis: Kakaomasse**, Rohzucker**, Kakaobutter**.Das Produkt kann Spuren von SOJA, MILCH und SCHALENFRÜCHTEN enthalten. **aus kontrolliert ökologischer Landwirtschaft",2469,595,"44,8","27,1","34,9","28,8","8,4","0,18",https://www.edeka24.de/Lebensmittel/Suess-Salzig/Tafelschokolade/EDEKA-Bio-Schweizer-Zartbitterschokolade-70-100G.html,https://www.edeka24.de/out/pictures/generated/product/1/540_540_90/edeka_bio_schweizer_zartbitterschokolade_70_100g.jpg
3051,Lebensmittel,Süß & Salzig,Tafelschokolade,Ferrero Raffaello Tafel 90G,"1,99 €","22,11 €/kg","inkl. MwSt., zzgl. 4.95 € Versandkosten.",lieferbar innerhalb von 2-5 Werktagen,2023-05-03 01:45:31.433428,Gefüllte weiße Schokolade (59%) mit Kokos-Mandelcreme (38%).,Hinweis zur Aufbewahrung: Kühl und trocken aufbewahren.,"Verantwortliches Lebensmittelunternehmen:
Ferrero, 60624 Frankfurt am Main","Zutatenverzeichnis: Zucker, Kakaobutter, MAGERMILCHPULVER, Kokosraspel (10,5%),Palmöl, SÜSSMOLKENPULVER, MANDEL (3 %), Kokosmilchpulver(enthält MILCH) 2 %, BUTTERREINFETT, Emulgator Lecithine (SOJA), Aromen.Gesamtkakaobestandteile im Produkt 20 %.Kann HASELNÜSSE, WALNÜSSE, KASCHUNÜSSE, PECANNÜSSE, PARANÜSSE, PISTAZIEN und MACADAMIANÜSSE enthalten.",595,2474,"41,7","27,2","46,5","45,7","7,5","0,269",https://www.edeka24.de/Lebensmittel/Suess-Salzig/Tafelschokolade/Ferrero-Raffaello-Tafel-90G.html,https://www.edeka24.de/out/pictures/generated/product/1/540_540_90/ferrero_raffaello_tafel_90g.jpg
3052,Lebensmittel,Süß & Salzig,Tafelschokolade,GEPA Bio Schokolade Edelbitter 85% 100G,"2,49 €","24,90 €/kg","inkl. MwSt., zzgl. 4.95 € Versandkosten.",lieferbar innerhalb von 2-5 Werktagen,2023-05-03 01:45:34.331191,Bio Bitterschokolade. Kakao: 85% mindestens.,,"Verantwortliches Lebensmittelunternehmen:
GEPA - The Fair Trade Company, GEPA-Weg 1, D-42327 Wuppertal","Zutatenverzeichnis: Kakaomasse*, Kakaobutter*, Mascobado-Vollrohrzucker*. *aus kontrolliert biologischem Anbau",2556,619,"52,8","33,3","21,3",15,"8,1","0,02",https://www.edeka24.de/Lebensmittel/Suess-Salzig/Tafelschokolade/GEPA-Bio-Schokolade-Edelbitter-85-100G.html,https://www.edeka24.de/out/pictures/generated/product/1/540_540_90/gepa-bio-grand-noir-edelbitter-schokolade-85-100g-fairtrade.jpg
3053,Lebensmittel,Süß & Salzig,Tafelschokolade,Alpia Edel Nougat Schokolade 100G,"1,19 €","11,90 €/kg","inkl. MwSt., zzgl. 4.95 € Versandkosten.",lieferbar innerhalb von 2-5 Werktagen,2023-05-03 01:45:37.556462,Alpenmilchschokolade (Kakao: 30% mindestens) mit 40% Edel Nougat Füllung,Hinweis zur Aufbewahrung: Bitte kühl und trocken aufbewahren.,"Verantwortliches Lebensmittelunternehmen:
Stollwerck GmbH, Stollwerckstraße 27-31, DE-51149 Köln","Zutatenverzeichnis: Zucker, Kakaobutter, HASELNÜSSE (14%), Kakaomasse, MagerMILCHpulver, Butterreinfett (MILCH), Süßmolkenpulver (MILCH), VollMILCHpulver, Emulgator SOJAlecithine, MANDELN, Aroma",2292,549,"32,4","15,8","56,8","54,1","5,8","0,1",https://www.edeka24.de/Lebensmittel/Suess-Salzig/Tafelschokolade/Alpia-Edel-Nougat-Schokolade-100G.html,https://www.edeka24.de/out/pictures/generated/product/1/540_540_90/alpia_edel_nougat_schokolade.jpg
3054,Lebensmittel,Süß & Salzig,Tafelschokolade,Milka Alpenmilch-Creme Schokolade 100G,"1,49 €","14,90 €/kg","inkl. MwSt., zzgl. 4.95 € Versandkosten.",lieferbar innerhalb von 2-5 Werktagen,2023-05-03 01:45:40.585963,Alpenmilch Schokolade mit Milchcremefüllung (45%).,Hinweis zur Aufbewahrung: Trocken lagern und vor Wärme schützen.,"Verantwortliches Lebensmittelunternehmen:
Mondelez Deutschland, D-28078 Bremen","Zutatenverzeichnis: Zucker, Palmöl, MAGERMILCHPULVER, Kakaobutter, Süssmolkenpulver (aus MILCH), Kakaomasse, BUTTERREINFETT, Emulgator (SOJALECITHINE), HASELNUSSMASSE, Aromen. Kann enthalten: andere NÜSSE und WEIZEN.",2412,579,38,22,52,51,"5,2","0,27",https://www.edeka24.de/Lebensmittel/Suess-Salzig/Tafelschokolade/Milka-Alpenmilch-Creme-Schokolade-100G.html,https://www.edeka24.de/out/pictures/generated/product/1/540_540_90/milka_alpenmilchcreme_schokolade_100g.jpg
3055,Lebensmittel,Süß & Salzig,Tafelschokolade,Eszet Schnitten Vollmilch 75G,"1,29 €","17,20 €/kg","inkl. MwSt., zzgl. 4.95 € Versandkosten.",lieferbar innerhalb von 2-5 Werktagen,2023-05-03 01:45:43.848397,Vollmilchschokolade (Kakao: 30% mindestens),Hinweis zur Aufbewahrung: Kühl und trocken lagern.,"Verantwortliches Lebensmittelunternehmen:
Sarotti GmbH, Motzener Straße 32, DE-12277 Berlin","Zutatenverzeichnis: Zucker, Kakaobutter, VOLLMILCHPULVER, Kakaomasse, Süßmolkenpulver (MILCH), Emulgatoren SOJALECITHINE + E476, Aroma",529,2211,"29,8","18,7","57,2",56,"6,4","0,3",https://www.edeka24.de/Lebensmittel/Suess-Salzig/Tafelschokolade/Eszet-Schnitten-Vollmilch-75G.html,https://www.edeka24.de/out/pictures/generated/product/1/540_540_90/eszet_schnitten_vollmilch.jpg
3056,Lebensmittel,Süß & Salzig,Tafelschokolade,Ritter Sport Joghurt 250G,"2,69 €","10,76 €/kg","inkl. MwSt., zzgl. 4.95 € Versandkosten.",lieferbar innerhalb von 2-5 Werktagen,2023-05-03 01:45:46.679211,Gefüllte Vollmilch-Schokolade mit Magermilch-Joghurt-Creme (45%).,Hinweis zur Aufbewahrung: Vor Wärme und Feuchtigkeit schützen.,"Verantwortliches Lebensmittelunternehmen:
Alfred Ritter GmbH & Co. KG, 71111 Waldenbuch","Zutatenverzeichnis: Zucker, Palmfett*, Kakaobutter¹, MAGERMILCHJOGHURTPULVER (8%), Kakaomasse¹, VOLLMILCHPULVER, LAKTOSE, MAGERMILCHPULVER, SAHNEPULVER, BUTTERREINFETT, Emulgator: Lecithine (SOJA). *zertifiziert nachhaltig. Kann Spuren von ERDNÜSSEN, SCHALENFRÜCHTEN, GLUTENHALTIGEM GETREIDE und EI enthalten. ¹Rainforest Alliance Certified.",2447,588,41,24,48,48,"6,6","0,23",https://www.edeka24.de/Lebensmittel/Suess-Salzig/Tafelschokolade/Ritter-Sport-Joghurt-250G.html,https://www.edeka24.de/out/pictures/generated/product/1/540_540_90/rsjoghurt250.png
3057,Lebensmittel,Süß & Salzig,Tafelschokolade,Alpia Weisse Schokolade 100G,"1,19 €","11,90 €/kg","inkl. MwSt., zzgl. 4.95 € Versandkosten.",lieferbar innerhalb von 2-5 Werktagen,2023-05-03 01:45:49.491042,Weisse Schokolade (Kakao: 27% mindestens),Hinweis zur Aufbewahrung: Bitte kühl und trocken aufbewahren.,"Verantwortliches Lebensmittelunternehmen:
Stollwerck GmbH, Stollwerckstraße 27-31, DE-51149 Köln","Zutatenverzeichnis: Zucker, Kakaobutter, VollMILCHpulver, MILCHzucker, Süßmolkenpulver (MILCH), Sahnepulver (MILCH), Emulgator SOJAlecithine, Aroma",2367,567,"35,7","22,6","54,6","54,3","6,5","0,3",https://www.edeka24.de/Lebensmittel/Suess-Salzig/Tafelschokolade/Alpia-Weisse-Schokolade-100G.html,https://www.edeka24.de/out/pictures/generated/product/1/540_540_90/alpia_weisse_schokolade.jpg
3058,Lebensmittel,Süß & Salzig,Tafelschokolade,Milka Mmmax Nuss Nougat-Creme 300G,"3,29 €","10,97 €/kg","inkl. MwSt., zzgl. 4.95 € Versandkosten.",lieferbar innerhalb von 2-5 Werktagen,2023-05-03 01:45:52.513419,Gefüllte Alpenmilch-Schokolade mit einer Nougat-Crème-Füllung (40%) und ganzen Haselnüssen (8%).,Hinweis zur Aufbewahrung: Trocken lagern und vor Wärme schützen.,"Verantwortliches Lebensmittelunternehmen:
Mondelez Deutschland, D-28078 Bremen","Zutatenverzeichnis: Zucker, Kakaobutter, HASELNÜSSE, MAGERMILCHPULVER, MANDELN (7.5%) , Kakaomasse, Palmöl, Süßmolkenpulver (aus MILCH), HASELNUSSMASSE (4%) , BUTTERREINFETT, Emulgator (SOJALECITHIN, Sonnenblumenlecithin), Aroma. KANN WEIZEN ENTHALTEN.",570,2365,37,16,"49,5","47,5","7,6","0,2",https://www.edeka24.de/Lebensmittel/Suess-Salzig/Tafelschokolade/Milka-Mmmax-Nuss-Nougat-Creme-300G.html,https://www.edeka24.de/out/pictures/generated/product/1/540_540_90/milka_nuss_nougatcreme_300g.jpg
3059,Lebensmittel,Süß & Salzig,Tafelschokolade,Toblerone Milchschokolade 100G,"2,29 €","22,90 €/kg","inkl. MwSt., zzgl. 4.95 € Versandkosten.",lieferbar innerhalb von 2-5 Werktagen,2023-05-03 01:45:55.938576,Schweizer Milchschokolade mit Honig- und Mandel-Torrone (10%).,Hinweis zur Aufbewahrung: Trocken lagern und vor Wärme schützen.,"Verantwortliches Lebensmittelunternehmen:
Mondelez Deutschland, D-28078 Bremen","Zutatenverzeichnis: Zucker, VOLLMILCHPULVER, Kakaobutter, Kakaomasse, Honig (3,0%), BUTTERREINFETT, MANDELN (1,6%), Emulgator (SOJALECITHIN), EIKLAR, Aroma. . Kakao: 28% mindestens in der Milchschokolade.",535,2235,"29,5",18,"60,5","59,5","5,6","0,15",https://www.edeka24.de/Lebensmittel/Suess-Salzig/Tafelschokolade/Toblerone-Milchschokolade-100G.html,https://www.edeka24.de/out/pictures/generated/product/1/540_540_90/toblerone100g_300_p1.jpg
3060,Lebensmittel,Süß & Salzig,Tafelschokolade,Lindt Maitre Chocolatier Vollmilch 110G,"1,89 €","17,18 €/kg","inkl. MwSt., zzgl. 4.95 € Versandkosten.",lieferbar innerhalb von 2-5 Werktagen,2023-05-03 01:45:59.231396,Vollmilch-Schokolade. Kakao: 30% mindestens.,Hinweis zur Aufbewahrung: Kühl und trocken lagern.,"Verantwortliches Lebensmittelunternehmen:
Lindt & Sprüngli GmbH, Süsterfeldstrasse130, 52072 Aachen","Zutatenverzeichnis: Zucker, Kakaobutter, MILCHPULVER, Kakaomasse, MILCHZUCKER, MAGERMILCHPULVER, Emulgator (SOJALECITHIN), GERSTENMALZEXTRAKT, Aroma. Kann SCHALENFRÜCHTE enthalten.",2276,545,32,19,56,55,7,"0,24",https://www.edeka24.de/Lebensmittel/Suess-Salzig/Tafelschokolade/Lindt-Maitre-Chocolatier-Vollmilch-110G.html,https://www.edeka24.de/out/pictures/generated/product/1/540_540_90/lindt_tafel_vollmilch_110g.jpg
3061,Lebensmittel,Süß & Salzig,Tafelschokolade,Ritter Sport Nuss Klasse Honig-Salz-Mandel 100G,"1,59 €","15,90 €/kg","inkl. MwSt., zzgl. 4.95 € Versandkosten.",lieferbar innerhalb von 2-5 Werktagen,2023-05-03 01:46:01.860915,Vollmilchschokolade mit gerösteten und gesalzenen Mandeln mit Honigüberzug (25%). Kakao: 30% mindestens im Schokoladenanteil.,Hinweis zur Aufbewahrung: Vor Wärme und Feuchtigkeit schützen.,"Verantwortliches Lebensmittelunternehmen:
Alfred Ritter GmbH & Co. KG, 71111 Waldenbuch","Zutatenverzeichnis: Zucker, gesalzene MANDELN mit Honigüberzug (MANDELN (20 %), Zucker, pflanzliche Öle (Raps, Distel, Sonnenblume), Honig (1 %), Meersalz (0,2 %), Maltodextrin), Kakaobutter¹, Kakaomasse¹, VOLLMILCHPULVER, LAKTOSE, MAGERMILCHPULVER, BUTTERREINFETT, Emulgator: Lecithine (SOJA). Kann Spuren von ERDNÜSSEN, anderen SCHAÖLENFRÜCHTEN, GLUTENHALTIGEM GETREIDE und EI enthalten. ¹Rainforest Alliance Certified.",2346,563,35,15,50,48,9,"0,26",https://www.edeka24.de/Lebensmittel/Suess-Salzig/Tafelschokolade/Ritter-Sport-Nuss-Klasse-Honig-Salz-Mandel-100G.html,https://www.edeka24.de/out/pictures/generated/product/1/540_540_90/ritter_sport_nuss_klasse_honigsalzmandel_100g.jpg
3062,Lebensmittel,Süß & Salzig,Tafelschokolade,Plant for the Planet Die Gute Schokolade Fairtrade 100G,"1,39 €","13,90 €/kg","inkl. MwSt., zzgl. 4.95 € Versandkosten.",lieferbar innerhalb von 2-5 Werktagen,2023-05-03 01:46:04.663351,Original Schweizer Milchschokolade. Kakao: 31% mindestens.,,"Verantwortliches Lebensmittelunternehmen:
Plant for the Planet GmbH, Lindemannstr. 13, 82327 Tutzing","Zutatenverzeichnis: Zucker 41%, VOLLMILCHPULVER (Schweiz), Kakaobutter, Kakaomasse, gemahlene HASELNÜSSE, Emulgator (E322 aus SOJA), natürliche Aromen.",2346,562,35,21,53,52,"7,7","0,2",https://www.edeka24.de/Lebensmittel/Suess-Salzig/Tafelschokolade/Plant-for-the-Planet-Die-Gute-Schokolade-Fairtrade-100G.html,https://www.edeka24.de/out/pictures/generated/product/1/540_540_90/plant_for_the_planet_die_gute_schokolade_fairtrade_100_g.jpg
3063,Lebensmittel,Süß & Salzig,Tafelschokolade,Milka Alpenmilch Schokolade mit LU-Keksen 87G,"1,19 €","13,68 €/kg","inkl. MwSt., zzgl. 4.95 € Versandkosten.",lieferbar innerhalb von 2-5 Werktagen,2023-05-03 01:46:07.672215,-,Hinweis zur Aufbewahrung: Trocken lagern und vor Wärme schützen.,"Verantwortliches Lebensmittelunternehmen:
Mondelez Deutschland GmbH, Langemarckstraße 4 - 20, D-28199 Bremen","Zutatenverzeichnis: Zucker, WEIZENMEHL, Kakaobutter, MAGERMILCHPULVER, Kakaomasse, Süssmolkenpulver (aus MILCH), BUTTERREINFETT, Palmöl, BUTTER, Emulgatoren (SOJALECITHINE, E476), Glukosesirup, VOLLMILCHPULVER, Speisesalz, Backtriebmittel (Dinatriumdiphosphat, Natriumhydrogencarbonat, Ammoniumhydrogencarbonat), Sonnenblumenöl, GERSTENMALZEXTRAKT, Aromen, WEIZENSTÄRKE. Kakao: 30% mindestens in der Alpenmilch Schokolade. KANN ENTHALTEN: EI.",2141,512,26,15,63,49,"6,4","0,55",https://www.edeka24.de/Lebensmittel/Suess-Salzig/Tafelschokolade/Milka-Alpenmilch-Schokolade-mit-LU-Keksen-87G.html,https://www.edeka24.de/out/pictures/generated/product/1/540_540_90/milka_alpenmilch_schokolade_mit_lukeksen_87g.jpg
3064,Lebensmittel,Süß & Salzig,Tafelschokolade,Milka Strawberry Cheesecake 300G,"3,49 €","11,63 €/kg","inkl. MwSt., zzgl. 4.95 € Versandkosten.",lieferbar innerhalb von 2-5 Werktagen,2023-05-03 01:46:10.609268,"Alpenmilch Schokolade gefüllt mit einer Füllung (35 %) mit Käsekuchengeschmack, Erdbeerzubereitung (11 %) und Keks (13 %).",Hinweis zur Aufbewahrung: Trocken lagern und vor Wärme schützen.,"Verantwortliches Lebensmittelunternehmen:
Mondelez Deutschland, D-28078 Bremen","Zutatenverzeichnis: Zucker, Palmöl, WEIZENMEHL, MAGERMILCHPULVER, Kakaobutter, Glukosesirup, Kakaomasse, Süssmolkenpulver (aus MILCH), BUTTERREINFETT, Erdbeerpüree (1,5%), FRISCHKÄSEPULVER (1%), Feuchthaltemittel (Glycerin), Aromen, Emulgator (SOJALECITHINE), Zitronensaftkonzentrat, MAGERMILCHJOGHURTPULVER, HASELNUSSMASSE, Johannisbeersaftkonzentrat, Speisesalz, Backtriebmittel (E500, E503). Kann enthalten: EI und andere NÜSSE.",2219,531,30,17,60,49,"4,9","0,36",https://www.edeka24.de/Lebensmittel/Suess-Salzig/Tafelschokolade/Milka-Strawberry-Cheesecake-300G.html,https://www.edeka24.de/out/pictures/generated/product/1/540_540_90/milka_strawberry_cheesecake_300g(1).jpg
3065,Lebensmittel,Süß & Salzig,Tafelschokolade,Ritter Sport Schokowuerfel Dankeschön 176G,"2,89 €","16,42 €/kg","inkl. MwSt., zzgl. 4.95 € Versandkosten.",lieferbar innerhalb von 2-5 Werktagen,2023-05-03 01:46:16.270981,Kakao: 30% mindestens in der Vollmilchschokolade.,Hinweis zur Aufbewahrung: Vor Wärme und Feuchtigkeit schützen.,"Verantwortliches Lebensmittelunternehmen:
Alfred Ritter GmbH & Co. KG, Alfred-Ritter-Str. 25, 71111 Waldenbuch","Zutatenverzeichnis: Zutaten: Zucker, Palmfett*, Kakaobutter¹, VollMILCHpulver, Kakaomasse¹, MagerMILCHpulver, LAKTOSE, MagerMILCHjoghurtpulver, BUTTERreinfett, HASELNÜSSE, Glukose-Fruktose-Sirup, HASELNUSSmasse, BUTTER, SüßMOLKE, magerer Kakao¹, Maltodextrin, gezuckerte KondensMILCH, HASELNÜSSE (gehackt), Emulgator: Lecithine (SOJA), WEIZENmehl, MagerMILCH, SAHNE, SAHNEpulver, Kokosöl, Reis, Salz, WEIZENmalz, WEIZENstärke, GERSTEnmalzextrakt. *zertifiziert nachhaltig. Kann Spuren von Erdnüssen, anderen Schalenfrüchten und Ei enthalten. ¹Rainforest Alliance Certified",2375,570,38,21,50,47,"6,5","0,33",https://www.edeka24.de/Lebensmittel/Suess-Salzig/Tafelschokolade/Ritter-Sport-Schokowuerfel-Dankeschoen-176G.html,https://www.edeka24.de/out/pictures/generated/product/1/540_540_90/rsschokowrfel.jpg
3066,Lebensmittel,Süß & Salzig,Tafelschokolade,Ritter Sport Olympia 100G,"1,39 €","13,90 €/kg","inkl. MwSt., zzgl. 4.95 € Versandkosten.",lieferbar innerhalb von 2-5 Werktagen,2023-05-03 01:46:18.911321,"Gefüllte Vollmilchschokolade mit einer Magermilchjoghurt-Creme (32%), Haselnussstückchen (7,5%) und Honig-Crisp (5%).",Hinweis zur Aufbewahrung: Vor Wärme und Feuchtigkeit schützen.,"Verantwortliches Lebensmittelunternehmen:
Alfred Ritter GmbH & Co. KG, Alfred-Ritter-Straße 27, D-71111 Waldenbuch","Zutatenverzeichnis: Zucker, Palmfett*, Kakaobutter', MAGERMILCHJOGHURTPULVER (9 %), Dextrose (7,5%), HASELNÜSSE (gehackt), Kakaomasse', VOLLMILCHPULVER, LAKTOSE, Honig (2,5%), MAGERMILCHPULVER, Maltodextrin, BUTTERREINFETT, Emulgator: Lecithine (SOJA). *zertifiziert nachhaltig. Kann Spuren von ERDNÜSSEN, anderen SCHALENFRÜCHTEN, GLUTENHALTIGEM GETREIDE und EI enthalten. 'Rainforest Alliance Certified™",2356,565,37,19,49,47,"7,7","0,24",https://www.edeka24.de/Lebensmittel/Suess-Salzig/Tafelschokolade/Ritter-Sport-Olympia-100G.html,https://www.edeka24.de/out/pictures/generated/product/1/540_540_90/ritter_sport_olympia_100g.jpg
3067,Lebensmittel,Süß & Salzig,Tafelschokolade,Alnatura Bio Nougat Schokolade 100G,"1,89 €","18,90 €/kg","inkl. MwSt., zzgl. 4.95 € Versandkosten.",lieferbar innerhalb von 2-5 Werktagen,2023-05-03 01:46:21.756103,Bio Vollmilchschokolade mit Haselnuss-Nougat-Füllungen,Hinweis zur Aufbewahrung: Trocken lagern und vor Wärme schützen.,"Verantwortliches Lebensmittelunternehmen:
Alnatura Produktions- und Handels GmbH, Mahatma-Gandhi-Str. 7, 64295 Darmstadt","Zutatenverzeichnis: Vollmilchschokolade* 50 % (Rohrohrzucker*, Kakaobutter*, VOLLMILCHPULVER*, Kakaomasse*, SAHNEPULVER*, MAGERMILCHPULVER*, Bourbonvanilleextrakt*), HASELNUSS-NOUGAT-FÜLLUNG* 50 % (HASELNÜSSE* 35 %, Rohrohrzucker*, Kakaobutter*, VOLLMILCHPULVER*, MOLKENERZEUGNIS*, Bourbonvanilleextrakt*) *aus biologischer Landwirtschaft. Kann Spuren von GLUTEN, MANDEL, PECANUSS und PISTAZIE enthalten.",2431,584,40,19,47,45,"7,8","0,25",https://www.edeka24.de/Lebensmittel/Suess-Salzig/Tafelschokolade/Alnatura-Bio-Nougat-Schokolade-100G.html,https://www.edeka24.de/out/pictures/generated/product/1/540_540_90/bio_alnatura_nougat_schokolade_100g.jpg
3068,Lebensmittel,Süß & Salzig,Tafelschokolade,M&M's Peanut Schokolade 165G,"3,29 €","19,94 €/kg","inkl. MwSt., zzgl. 4.95 € Versandkosten.",lieferbar innerhalb von 2-5 Werktagen,2023-05-03 01:46:24.893267,"Milchschokoladentafel mit Mini-Schokolinsen mit Zuckerüberzug (7,5%) und Erdnussstücken (7,5%).",Hinweis zur Aufbewahrung: Nach dem Öffnen kühl und trocken lagern.,"Verantwortliches Lebensmittelunternehmen:
IBT International Brands Trading GmbH, Kaiserring 38, 68161 Mannheim","Zutatenverzeichnis: Zucker, Kakaobutter, MAGERMILCHPULVER, Kakaomasse, ERDNÜSSE, MILCHFETT, LAKTOSE, MOLKEPULVER (aus MILCH), VOLLMILCHPULVER, Emulgator (SOJALECITHIN), Palmfett, Sheafett, Glukosesyrup, Farbstoffe (E100, E133, E160a, E162, E171, E172), Stärke, Dextrin, Überzugsmittel (Carnaubawachs), natürlicher Vanilleextrakt, Palmkernöl, Salz, Aromen. Milchschokolade enthält Kakao: 25% mindestens und Milchbestandteile: 14% mindestens. Kann Spuren von HASELNÜSSEn, MANDELN und WEIZEN enthalten.",555,2313,34,19,53,52,8,"0,24",https://www.edeka24.de/Lebensmittel/Suess-Salzig/Tafelschokolade/M-M-s-Peanut-Schokolade-165G.html,https://www.edeka24.de/out/pictures/generated/product/1/540_540_90/mampampm039s_peanut_schokolade165g.jpg
3069,Lebensmittel,Süß & Salzig,Tafelschokolade,Milka Schoko und Keks 300G,"3,49 €","11,63 €/kg","inkl. MwSt., zzgl. 4.95 € Versandkosten.",lieferbar innerhalb von 2-5 Werktagen,2023-05-03 01:46:28.062991,Gefüllte Alpenmilchschokolade mit Kakaocrème-Füllung (28%) und Sahnecrème-Füllung (18%) und feinem Keks (13%).,Hinweis zur Aufbewahrung: Trocken lagern und vor Wärme schützen.,"Verantwortliches Lebensmittelunternehmen:
Mondelez Deutschland, D-28078 Bremen","Zutatenverzeichnis: Zucker, Palmöl, WEIZENMEHL, Kakaomasse, Kakaobutter, MAGERMILCHPULVER, Süssmolkenpulver (aus MILCH), BUTTERREINFETT, Kakaopulver (1%), Emulgator (SOJALECITHINE), Glukosesirup, HASELNUSSMASSE, Speisesalz, Backtriebmittel (E500, E503), Aromen (enthalten MILCH). 7% Magermilchpulver in der Milchcremefüllung. Kann enthalten: EI und andere NÜSSE.",2344,562,35,20,56,47,"4,9","0,28",https://www.edeka24.de/Lebensmittel/Suess-Salzig/Tafelschokolade/Milka-Schoko-und-Keks-300G.html,https://www.edeka24.de/out/pictures/generated/product/1/540_540_90/milka_schoko_und_keks_300g.jpg
3070,Lebensmittel,Süß & Salzig,Tafelschokolade,Sarotti Schwarze Herren Schokolade Edelbitter 100G,"1,39 €","13,90 €/kg","inkl. MwSt., zzgl. 4.95 € Versandkosten.",lieferbar innerhalb von 2-5 Werktagen,2023-05-03 01:46:30.801247,Edelbitterschokolade (Kakao: 60% mindestens),Hinweis zur Aufbewahrung: Kühl und trocken lagern,"Verantwortliches Lebensmittelunternehmen:
Sarotti GmbH, Motzener Straße 32, DE-12277 Berlin","Zutatenverzeichnis: Kakaomasse, Zucker, Kakaobutter, Süßmolkenpulver (MILCH), Emulgator: SOJAlecithine, Aroma",535,2226,"35,2",22,"41,8","37,4","7,1","0,05",https://www.edeka24.de/Lebensmittel/Suess-Salzig/Tafelschokolade/Sarotti-Schwarze-Herren-Schokolade-Edelbitter-100G.html,https://www.edeka24.de/out/pictures/generated/product/1/540_540_90/sarotti_schwarze_herren_schokolade_edelbitter.jpg
3071,Lebensmittel,Süß & Salzig,Tafelschokolade,Ritter Sport Olympia 250G,"2,69 €","10,76 €/kg","inkl. MwSt., zzgl. 4.95 € Versandkosten.",lieferbar innerhalb von 2-5 Werktagen,2023-05-03 01:46:33.390357,-,,,,,,,,,,,,https://www.edeka24.de/Lebensmittel/Suess-Salzig/Tafelschokolade/Ritter-Sport-Olympia-250G.html,https://www.edeka24.de/out/pictures/generated/product/1/540_540_90/ritter_sport_olympia_250g.jpg
3072,Lebensmittel,Süß & Salzig,Tafelschokolade,Schogetten Stracciatella 100G,"1,00 €","10,00 €/kg","inkl. MwSt., zzgl. 4.95 € Versandkosten.",lieferbar innerhalb von 2-5 Werktagen,2023-05-03 01:46:35.447372,Weiße Schokolade mit 4% Kakaobohnensplitter und 25% Edel-Zartbitterschokolade,Hinweis zur Aufbewahrung: Vor Wärme und Feuchtigkeit schützen.,"Verantwortliches Lebensmittelunternehmen:
Ludwig Schokolade GmbH & Co.KG, Postfach 2015, 66720 Saarlouis","Zutatenverzeichnis: Zucker, Kakaobutter, Kakaomasse, VOLLMILCHPULVER, Kakaobohnensplitter, SÜßMOLKENPULVER, BUTTERREINFETT, MILCHZUCKER, Emulgator Lecithine (SOJA), Vanilleextrakt. Edel-Zartbitterschokolade: Kakao: 50% mindestens. Kann ERDNÜSSE, SCHALENFRÜCHTE, GLUTEN und EI enthalten.",2278,546,33,20,55,53,"5,8","0,28",https://www.edeka24.de/Lebensmittel/Suess-Salzig/Tafelschokolade/Schogetten-Stracciatella-100G.html,https://www.edeka24.de/out/pictures/generated/product/1/540_540_90/schogetten_stracciatella_100g.jpg
3073,Lebensmittel,Süß & Salzig,Tafelschokolade,Lohmann Mandel-Milch-Nuss-Schokolade 100G,"1,99 €","19,90 €/kg","inkl. MwSt., zzgl. 4.95 € Versandkosten.",lieferbar innerhalb von 2-5 Werktagen,2023-05-03 01:46:38.447299,Milchschokolade mit gemahlenen Haselnüssen und Mandeln. Kakao: 26% mindestens.,Hinweis zur Aufbewahrung: Kühl und trocken lagern.,"Verantwortliches Lebensmittelunternehmen:
Halloren Schokoladenfabrik AG, Delitzscher Straße 70, D-06112 Halle/Saale","Zutatenverzeichnis: Zucker, gemahlene HASELNUSSKERNE 20%, VOLLMILCHPULVER, Kakaobutter, Kakaomasse, gemahlene MANDELN 5%, MAGERMILCHPULVER. kann Spuren von anderen SCHALENFRÜCHTEN (MACADAMIANÜSSE, KASCHUNÜSSE), ERDNÜSSEN SOJA und GLUTENHALTIGEN GETREIDEPRODUKTEN (WEIZEN) enthalten.",586,2439,"41,4","17,2","40,9","36,8","11,2","0,23",https://www.edeka24.de/Lebensmittel/Suess-Salzig/Tafelschokolade/Lohmann-Mandel-Milch-Nuss-Schokolade-100G.html,https://www.edeka24.de/out/pictures/generated/product/1/540_540_90/lohmannma-mi-nu.jpg
3074,Lebensmittel,Süß & Salzig,Tafelschokolade,Milka Alpenmilch Schokolade Die Kleine 5ST 200G,"3,99 €","19,95 €/kg","inkl. MwSt., zzgl. 4.95 € Versandkosten.",lieferbar innerhalb von 2-5 Werktagen,2023-05-03 01:46:41.380163,-,Hinweis zur Aufbewahrung: Trocken lagern und vor Wärme schützen.,"Verantwortliches Lebensmittelunternehmen:
Mondelez Deutschland GmbH, Langemarckstraße 4 - 20, D-28199 Bremen","Zutatenverzeichnis: Zucker, Kakaobutter, MAGERMILCHPULVER, Kakaomasse, Su?ßmolkenpulver (aus MILCH), BUTTERREINFETT, HASELNÜSSE, Emulgatoren (SOJALECITHIN, E476), Aroma. Kakao: 30% mindestens in der Alpenmilch Schokolade.",530,2220,"29,5","17,5","58,5","57,5","6,4","0,3",https://www.edeka24.de/Lebensmittel/Suess-Salzig/Tafelschokolade/Milka-Alpenmilch-Schokolade-Die-Kleine-5ST-200G.html,https://www.edeka24.de/out/pictures/generated/product/1/540_540_90/milka_alpenmilch_schokolade_die_kleine.jpg
3075,Lebensmittel,Süß & Salzig,Tafelschokolade,M&M's Crispy Schokolade 150G,"3,29 €","21,93 €/kg","inkl. MwSt., zzgl. 4.95 € Versandkosten.",lieferbar innerhalb von 2-5 Werktagen,2023-05-03 01:46:49.741744,Milchschokolade gefüllt mit bunten Linsen (11%) mit Schokoladenfüllung und Cerealienstückchen (4%).,Hinweis zur Aufbewahrung: Nach dem Öffnen kühl und trocken lagern.,"Verantwortliches Lebensmittelunternehmen:
IBT International Brands Trading GmbH, Kaiserring 38, 68161 Mannheim","Zutatenverzeichnis: Zucker, Kakaobutter, MAGERMILCHPULVER, Kakaomasse, MILCHFETT, LAKTOSE, MOLKENPULVER (aus MILCH), Reismehl, VOLLMILCHPULVER, WEIZENVOLLKORNMEHL, Emulgatoren (SOJALECITHINE, E 471), WEIZENMALZMEHL, Stärke, pflanzliche Fette (Palm, Shea), Glukosesirup, Salz, Rapsöl, Stabilisator (E 414), Farbstoffe (E 100, E 133, E 160a, E 162, E 172), Dextrin, Überzugsmittel (E 903), natürlicher Vanilleextrakt, pflanzliches Öl (Palmkern), Aromen. Kann Spuren von ERDNÜSSEN, HASELNÜSSEN und MANDELN enthalten.",2265,542,31,20,58,54,"6,3","0,25",https://www.edeka24.de/Lebensmittel/Suess-Salzig/Tafelschokolade/M-M-s-Crispy-Schokolade-150G.html,https://www.edeka24.de/out/pictures/generated/product/1/540_540_90/mampampm039s_crispy_schokolade_150g.jpg
3076,Lebensmittel,Süß & Salzig,Tafelschokolade,Ritter Sport Nuss Klasse Voll-Nuss 100G,"1,59 €","15,90 €/kg","inkl. MwSt., zzgl. 4.95 € Versandkosten.",lieferbar innerhalb von 2-5 Werktagen,2023-05-03 01:46:52.682303,Vollmilchschokolade mit ganzen Haselnüssen (25%). Kakao: 30% mindestens im Schokoladenanteil.,Hinweis zur Aufbewahrung: Vor Wärme und Feuchtigkeit schützen.,"Verantwortliches Lebensmittelunternehmen:
Alfred Ritter GmbH & Co. KG, 71111 Waldenbuch","Zutatenverzeichnis: Zucker, HASELNÜSSE, Kakaobutter¹, Kakaomasse¹, VOLLMILCHPULVER, LAKTOSE, MAGERMILCHPULVER, BUTTERREINFETT, Emulgator: Lecithine (SOJA). Kann Spuren von ERDNÜSSEN, anderen SCHALENFRÜCHTEN, GLUTENHALTIGEM GETREIDE und EI enthalten. ¹Rainforest Alliance Certified.",2394,575,39,15,46,44,"8,7","0,14",https://www.edeka24.de/Lebensmittel/Suess-Salzig/Tafelschokolade/Ritter-Sport-Nuss-Klasse-Voll-Nuss-100G.html,https://www.edeka24.de/out/pictures/generated/product/1/540_540_90/ritter_sport_nuss_klasse_vollnuss_tafel_100g.jpg
3077,Lebensmittel,Süß & Salzig,Tafelschokolade,Alnatura Bio Feine Bitterschokolade 100G,"1,59 €","15,90 €/kg","inkl. MwSt., zzgl. 4.95 € Versandkosten.",lieferbar innerhalb von 2-5 Werktagen,2023-05-03 01:46:55.747822,Bio Zartbitterschokolade,"Hinweis zur Aufbewahrung: Trocken lagern, vor Wärme schützen.","Verantwortliches Lebensmittelunternehmen:
Alnatura Produktions- und Handels GmbH, Mahatma-Gandhi-Str. 7, 64295 Darmstadt","Zutatenverzeichnis: Kakaomasse*, Rohrohrzucker*, Kakaobutter* * aus biologischerLandwirtschaft. Kann Spuren von GLUTEN, MILCH, MANDELN, HASELNUSS und PISTAZIE enthalten.",2336,563,41,26,35,29,"7,5","0,02",https://www.edeka24.de/Lebensmittel/Suess-Salzig/Tafelschokolade/Alnatura-Bio-Feine-Bitterschokolade-100G.html,https://www.edeka24.de/out/pictures/generated/product/1/540_540_90/bio_alnatura_feine_bitterschokolade_100g.jpg
3078,Lebensmittel,Süß & Salzig,Tafelschokolade,Kaba Milchschokolade mit Kekscrunch 100G,"1,19 €","11,90 €/kg","inkl. MwSt., zzgl. 4.95 € Versandkosten.",lieferbar innerhalb von 2-5 Werktagen,2023-05-03 01:46:58.783253,Milchschokolade mit Kekscrunch.,,"Verantwortliches Lebensmittelunternehmen:
Carambar and Co., FR-92130 Issy-les-Moulineaux","Zutatenverzeichnis: Zucker, Kakaobutter, MAGERMILCHPULVER 11%, Kakaomasse, Süßmolkenpulver (MILCH) BUTTERREINFETT, WEIZENMEHL, WEIZENMALZMEHL, Emulgatoren (SOJALECITHINE, Sonnenblumenlecithine, E476), Bachtriebmittel Natriumcarbonate), Aromen, Salz, Kakao: mindestens 31%. Kann Spuren von anderem GLUTENHALTIGEN GETREIDE und SCHALENFRÜCHTEN enthalten.",2195,525,29,18,59,55,"6,5","0,41",https://www.edeka24.de/Lebensmittel/Suess-Salzig/Tafelschokolade/Kaba-Milchschokolade-mit-Kekscrunch-100G.html,https://www.edeka24.de/out/pictures/generated/product/1/540_540_90/kaba_milchschokolade_mit_kekscrunch_100g.jpg
3079,Lebensmittel,Süß & Salzig,Tafelschokolade,Ritter Sport Edel-Vollmilch 100G,"1,39 €","13,90 €/kg","inkl. MwSt., zzgl. 4.95 € Versandkosten.",lieferbar innerhalb von 2-5 Werktagen,2023-05-03 01:47:01.598042,Edel-Vollmilchschokolade. Kakao: 35% mindestens.,Hinweis zur Aufbewahrung: Vor Wärme und Feuchtigkeit schützen.,"Verantwortliches Lebensmittelunternehmen:
Alfred Ritter GmbH & Co. KG, 71111 Waldenbuch","Zutatenverzeichnis: Zucker, Kakaobutter¹, VOLLMILCHPULVER (21 %), Kakaomasse¹, Emulgator: Lecithine (SOJA). Kann Spuren von ERDNÜSSEN, SCHALENFRÜCHTEN, GLUTENHALTIGEM GETREIDE und EI enthalten. ¹Rainforest Alliance Certified.",571,2377,38,23,48,47,"7,3","0,21",https://www.edeka24.de/Lebensmittel/Suess-Salzig/Tafelschokolade/Ritter-Sport-Edel-Vollmilch-100G.html,https://www.edeka24.de/out/pictures/generated/product/1/540_540_90/rsedelvm.jpg
3080,Lebensmittel,Süß & Salzig,Tafelschokolade,Eszet Schnitten weisse 75G,"1,29 €","17,20 €/kg","inkl. MwSt., zzgl. 4.95 € Versandkosten.",lieferbar innerhalb von 2-5 Werktagen,2023-05-03 01:47:04.205308,Weiße Schokolade,Hinweis zur Aufbewahrung: Kühl und trocken lagern.,"Verantwortliches Lebensmittelunternehmen:
SAROTTI GmbH, Motzener Straße 32, 12277 Berlin","Zutatenverzeichnis: Zucker, Kakaobutter, VOLLMILCHPULVER, Süßmolkenpulver (MILCH), MILCHZUCKER, Butterreinfett (MILCH), Emulgator SOJALECITINE, natürliches Aroma",2352,564,"35,2","22,3","54,7","54,5","6,6","0,3",https://www.edeka24.de/Lebensmittel/Suess-Salzig/Tafelschokolade/Eszet-Schnitten-weisse-75G.html,https://www.edeka24.de/out/pictures/generated/product/1/540_540_90/eszet_schnitten_weiss_75g.jpg
3081,Lebensmittel,Süß & Salzig,Tafelschokolade,Tony's Chocolonely Vollmilchschokolade 32% Karamell Meersalz 180G,"3,49 €","19,39 €/kg","inkl. MwSt., zzgl. 4.95 € Versandkosten.",lieferbar innerhalb von 2-5 Werktagen,2023-05-03 01:47:06.676347,Vollmilchschokolade mit Karamell und Meersalz. Kakao: 32% mindestens.,Hinweis zur Aufbewahrung: Dunkel und trocken bei Raumtemperatur lagern und vor Wärme schützen.,"Verantwortliches Lebensmittelunternehmen:
Tony's Chocolonely, Polonceaukade 20, 1014 DA Amsterdam","Zutatenverzeichnis: Zucker, 20.59% VOLLMILCHPULVER, Kakaobutter,Kakaomasse, 10% Karamellstückchen (Zucker,Glukosesirup, Sahne (MILCH), Butter (MILCH)), 0.5% Meersalz, Emulgator (SOJALECITHIN). Kann EI, GLUTEN und NÜSSE enthalten.",2247,537,32,19,54,51,"6,9","0,69",https://www.edeka24.de/Lebensmittel/Suess-Salzig/Tafelschokolade/Tony-s-Chocolonely-Vollmilchschokolade-32-Karamell-Meersalz-180G.html,https://www.edeka24.de/out/pictures/generated/product/1/540_540_90/tony039s_chocolonely_vollmilchschokolade_32_karamell_meersalz_180g.jpg
3082,Lebensmittel,Süß & Salzig,Tafelschokolade,Rettergut Mixschokolade Tafel 80G,"1,09 €","13,63 €/kg","inkl. MwSt., zzgl. 4.95 € Versandkosten.",lieferbar innerhalb von 2-5 Werktagen,2023-05-03 01:47:09.690460,-,,"Verantwortliches Lebensmittelunternehmen:
Dörrwerk GmbH, Im Marienpark 22, D-12107 Berlin","Zutatenverzeichnis: Zutaten: Zucker, Kakaomasse, Kakaobutter, VOLLMILCHPULVER, MAGERMILCHPULVER, HASELNUSSMARK, Emulgator: Lecithine (Sonnenblume), Bourbon-Vanilleextrakt, Kakao: 48% mindestens.",2438,587,42,26,43,41,7,"0,15",https://www.edeka24.de/Lebensmittel/Suess-Salzig/Tafelschokolade/Rettergut-Mixschokolade-Tafel-80G.html,https://www.edeka24.de/out/pictures/generated/product/1/540_540_90/rettergut_mixschokolade_tafel_80g.jpg
3083,Lebensmittel,Süß & Salzig,Tafelschokolade,Milka Zartherb Schokolade 100G,"1,49 €","14,90 €/kg","inkl. MwSt., zzgl. 4.95 € Versandkosten.",lieferbar innerhalb von 2-5 Werktagen,2023-05-03 01:47:13.152631,Dunkle Alpenmilchschokolade.,Hinweis zur Aufbewahrung: Trocken lagern und vor Wärme schützen.,"Verantwortliches Lebensmittelunternehmen:
Mondelez Deutschland, D-28078 Bremen","Zutatenverzeichnis: Zucker, Kakaomasse, Kakaobutter, MAGERMILCHPULVER, BUTTERREINFETT, Süßmolkenpulver (aus MILCH), Emulgator (SOJALECITHIN), HASELNÜSSE, Aroma. Kakao: 45% mindestens. KANN ANDERE NÜSSE UND WEIZEN ENTHALTEN.",550,2300,36,22,"46,5","43,5","7,6","0,28",https://www.edeka24.de/Lebensmittel/Suess-Salzig/Tafelschokolade/Milka-Zartherb-Schokolade-100G.html,https://www.edeka24.de/out/pictures/generated/product/1/540_540_90/milka_zartherb_schokolade_100g.jpg
3084,Lebensmittel,Süß & Salzig,Tafelschokolade,Milka Kuhflecken Schokolade 100G,"1,49 €","14,90 €/kg","inkl. MwSt., zzgl. 4.95 € Versandkosten.",lieferbar innerhalb von 2-5 Werktagen,2023-05-03 01:47:16.560023,Alpenmilch Schokolade (85%) mit weisser Schokolade (15%).,Hinweis zur Aufbewahrung: Trocken lagern und vor Wärme schützen.,"Verantwortliches Lebensmittelunternehmen:
Mondelez Deutschland, D-28078 Bremen","Zutatenverzeichnis: Zucker, Kakaobutter, MAGERMILCHPULVER, Kakaomasse, Süssmolkenpulver (aus MILCH), BUTTERREINFETT, Emulgator (SOJALECITHINE), HASELNUSSMASSE, Aroma. Kakao: 33% mindestens in der Alpenmilch Schokolade. Kann enthalten: WEIZEN und andere NÜSSE.",2246,538,31,18,58,57,"6,1","0,27",https://www.edeka24.de/Lebensmittel/Suess-Salzig/Tafelschokolade/Milka-Kuhflecken-Schokolade-100G.html,https://www.edeka24.de/out/pictures/generated/product/1/540_540_90/milka_kuhflecken_schokolade_100g.jpg
3085,Lebensmittel,Süß & Salzig,Tafelschokolade,Alpia Zartbitter Schokolade 100G,"1,19 €","11,90 €/kg","inkl. MwSt., zzgl. 4.95 € Versandkosten.",lieferbar innerhalb von 2-5 Werktagen,2023-05-03 01:47:19.551292,Zartbitterschokolade (Kakao: 50% mindestens),Hinweis zur Aufbewahrung: Bitte kühl und trocken aufbewahren.,"Verantwortliches Lebensmittelunternehmen:
Stollwerck GmbH, Stollwerckstraße 27-31, DE-51149 Köln","Zutatenverzeichnis: Zucker, Kakaomasse, Kakaobutter, Butterreinfett (MILCH), Emulgator SOJAlecithine, MANDELN, HASELNÜSSE, Aroma",526,2192,"31,5",20,"51,2","47,9","5,1","0,01",https://www.edeka24.de/Lebensmittel/Suess-Salzig/Tafelschokolade/Alpia-Zartbitter-Schokolade-100G.html,https://www.edeka24.de/out/pictures/generated/product/1/540_540_90/alpia_zartbitter_schokolade.jpg
3086,Lebensmittel,Süß & Salzig,Tafelschokolade,Milka Mmmax Peanut Caramel 276G,"3,29 €","11,92 €/kg","inkl. MwSt., zzgl. 4.95 € Versandkosten.",lieferbar innerhalb von 2-5 Werktagen,2023-05-03 01:47:21.895772,"Alpenmilch Schokolade gefüllt mit Erdnüssen (11%) in Karamellcreme (10%) auf einer Erdnusscremefüllung (22%) mit Erdnussstückchen (1%) und Knusperreis (0,4%).",Hinweis zur Aufbewahrung: Trocken lagern und vor Wärme schützen.,"Verantwortliches Lebensmittelunternehmen:
Mondelez Deutschland, Langemarckstraße 4-20, D-28078 Bremen","Zutatenverzeichnis: Zucker, ERDNÜSSE, Kakaobutter, Palmöl, MAGERMILCHPULVER, Süßmolkenpulver (aus MILCH), Kakaomasse, Glukosesirup, ERDNUSSMARK (3%), BUTTERREINFETT, Glukose-Fruktose-Sirup, ERDNUSSSTÜCKCHEN, Emulgatoren (SOJALECITHIN, E 476, E 471, Sonnenblumenlecithin), Reismehl, HASELNÜSSE, Aromen, Speisesalz. KANN ANDERE NÜSSE UND WEIZEN ENTHALTEN.",549,2288,34,16,50,45,"9,1","0,37",https://www.edeka24.de/Lebensmittel/Suess-Salzig/Tafelschokolade/Milka-Mmmax-Peanut-Caramel-276G.html,https://www.edeka24.de/out/pictures/generated/product/1/540_540_90/milka_peanut_caramel_276g.jpg
3087,Lebensmittel,Süß & Salzig,Tafelschokolade,Lindt Maitre Chocolatier Doppelmilch 110G,"1,59 €","14,45 €/kg","inkl. MwSt., zzgl. 4.95 € Versandkosten.",lieferbar innerhalb von 2-5 Werktagen,2023-05-03 01:47:24.665074,Vollmilch-Schokolade mit Doppelmilch-Füllung (40%),Hinweis zur Aufbewahrung: Kühl und trocken lagern.,"Verantwortliches Lebensmittelunternehmen:
EDEKA ZENTRALE Stiftung & Co. KG, D-22291 Hamburg","Zutatenverzeichnis: Zucker, Kakaobutter, MILCHPULVER (17%), BUTTERREINFETT (8%), Kakaomasse, MILCHZUCKER, MAGERMILCHPULVER (1%), Emulgator (SOJALECITHIN), GERSTENMALZEXTRAKT, Aromen. Kann SCHALENFRÜCHTE enthalten.",2432,584,39,23,53,52,"5,6","0,22",https://www.edeka24.de/Lebensmittel/Suess-Salzig/Tafelschokolade/Lindt-Maitre-Chocolatier-Doppelmilch-110G.html,https://www.edeka24.de/out/pictures/generated/product/1/540_540_90/lindt_tafel_doppelmilch_110g.jpg
3088,Lebensmittel,Süß & Salzig,Tafelschokolade,Milka Noisette 270G,"3,49 €","12,93 €/kg","inkl. MwSt., zzgl. 4.95 € Versandkosten.",lieferbar innerhalb von 2-5 Werktagen,2023-05-03 01:47:27.474338,Alpenmilchschokolade mit Haselnussmasse,Hinweis zur Aufbewahrung: Trocken lagern und vor Wärme schützen.,"Verantwortliches Lebensmittelunternehmen:
Mondelez Deutschland GmbH, 28078 Bremen","Zutatenverzeichnis: Zucker, Kakaobutter, HASELNUSSMASSE (13 %), Kakaomasse, MAGERMILCHPULVER, Süssmolkenpulver (aus MILCH), BUTTERREINFETT, Emulgator (SOJALECITHINE), Aroma. Kakao: 33% mindestens in der Alpenmilch Schokolade. Kann enthalten: andere NÜSSE und WEIZEN.",2324,557,35,17,51,49,"7,6","0,24",https://www.edeka24.de/Lebensmittel/Suess-Salzig/Tafelschokolade/Milka-Noisette-270G.html,https://www.edeka24.de/out/pictures/generated/product/1/540_540_90/milka_noisette_270g(1).jpg
3089,Lebensmittel,Süß & Salzig,Tafelschokolade,Milka Joghurt Schokolade 100G,"1,49 €","14,90 €/kg","inkl. MwSt., zzgl. 4.95 € Versandkosten.",lieferbar innerhalb von 2-5 Werktagen,2023-05-03 01:47:30.433846,Alpenmilchschokolade mit Magermilchjoghurt-Creme-Füllung (50%).,Hinweis zur Aufbewahrung: Trocken lagern und vor Wärme schützen.,"Verantwortliches Lebensmittelunternehmen:
Mondelez Deutschland, D-28078 Bremen","Zutatenverzeichnis: Zucker, Palmöl, Kakaobutter, Kakaomasse, MAGERMILCHPULVER, Süssmolkenpulver (aus MILCH), MAGERMILCHJOGHURTPULVER 2,5%, BUTTERREINFETT, Emulgator (SOJALECITHINE), HASELNUSSMASSE, Säuerungsmittel (Citronensäure), Aromen. Kann andere NÜSSE und WEIZEN enthalten.",2387,573,37,21,56,55,"4,4","0,18",https://www.edeka24.de/Lebensmittel/Suess-Salzig/Tafelschokolade/Milka-Joghurt-Schokolade-100G.html,https://www.edeka24.de/out/pictures/generated/product/1/540_540_90/milka_joghurt_schokolade_100g.jpg
3090,Lebensmittel,Süß & Salzig,Tafelschokolade,Ritter Sport Halbbitter 100G,"1,39 €","13,90 €/kg","inkl. MwSt., zzgl. 4.95 € Versandkosten.",lieferbar innerhalb von 2-5 Werktagen,2023-05-03 01:47:33.842492,Halbbitter-Schokolade. Kakao: 50% mindestens.,Hinweis zur Aufbewahrung: Vor Wärme und Feuchtigkeit schützen.,"Verantwortliches Lebensmittelunternehmen:
Alfred Ritter GmbH & Co. KG, 71111 Waldenbuch","Zutatenverzeichnis: Zucker, Kakaomasse¹, Kakaobutter¹, Emulgator: Lecithine (SOJA). Kann Spuren von ERDNÜSSEN, SCHALENFRÜCHTEN, GLUTENHALTIGEM GETREIDE, MILCH und EI enthalten. ¹Rainforest Alliance Certified.",2224,534,33,19,50,48,6,"0,01",https://www.edeka24.de/Lebensmittel/Suess-Salzig/Tafelschokolade/Ritter-Sport-Halbbitter-100G.html,https://www.edeka24.de/out/pictures/generated/product/1/540_540_90/ritter_sport_halbbitter_tafel_100g.jpg
3091,Lebensmittel,Süß & Salzig,Tafelschokolade,Plant for the Planet Die Gute BIO Schokolade Fairtrade 100G,"1,49 €","14,90 €/kg","inkl. MwSt., zzgl. 4.95 € Versandkosten.",lieferbar innerhalb von 2-5 Werktagen,2023-05-03 01:47:36.664178,"Schweizer Bio-Vollmilchschokolade. Kakao: 34% mindestens, Milchbestandteile: 26,7%.","Hinweis zur Aufbewahrung: Kühl, trocken und geruchsfrei lagern.","Verantwortliches Lebensmittelunternehmen:
Plant-for-the-Plant, 82327 Tutzing","Zutatenverzeichnis: Rohrzucker, Kakao, Bourbon-Vanille nach Fairtrade-Standards angebaut, gehandelt und geprüft. fairtrade-kako kann als Mengenausgleich mit nicht zertifiziertem kako vermischt werden. Gesamtanteil73,3%. Kann spuren von SOJA, MANDEL und HASELNUSS enthalten.",2400,577,38,23,50,49,"8,1","0,21",https://www.edeka24.de/Lebensmittel/Suess-Salzig/Tafelschokolade/Plant-for-the-Planet-Die-Gute-BIO-Schokolade-Fairtrade-100G.html,https://www.edeka24.de/out/pictures/generated/product/1/540_540_90/die-gute-bio-schokolade.jpg
3092,Lebensmittel,Süß & Salzig,Tafelschokolade,Milka Alpenmilch Schokolade mit bunten Kakaolinsen 100G,"1,49 €","14,90 €/kg","inkl. MwSt., zzgl. 4.95 € Versandkosten.",lieferbar innerhalb von 2-5 Werktagen,2023-05-03 01:47:38.996776,Alpenmilch Schokolade mit Kakaodragées (20%).,Hinweis zur Aufbewahrung: Trocken lagern und vor Wärme schützen.,"Verantwortliches Lebensmittelunternehmen:
Mondelez Deutschland GmbH, Langemarckstraße 4 - 20, D-28199 Bremen","Zutatenverzeichnis: Zucker, Kakaobutter, Kakaomasse, MAGERMILCHPULVER, Süssmolkenpulver (aus MILCH), BUTTERREINFETT, fettarmes Kakaopulver, Emulgatoren (SOJALECITHINE, Sonnenblumenlecithine), Überzugsmittel (Gummi arabicum, Schellack, Bienenwachs, weiss und gelb, Carnaubawachs), HASELNUSSMASSE, Reisstärke, VOLLMILCHPULVER, Farbstoffe (Riboflavine, Betanin (Betenrot), Carotin, Anthocyane), Aroma. Kakao: 33% mindestens in der Alpenmilch Schokolade. Kann enthalten: andere NÜSSE und WEIZEN.",2187,523,28,17,60,59,"5,7","0,25",https://www.edeka24.de/Lebensmittel/Suess-Salzig/Tafelschokolade/Milka-Alpenmilch-Schokolade-mit-bunten-Kakaolinsen-100G.html,https://www.edeka24.de/out/pictures/generated/product/1/540_540_90/milka_alpenmilch_schokolade_mit_bunten_kakaolinsen_100g.jpg
3093,Lebensmittel,Süß & Salzig,Tafelschokolade,Ritter Sport Mini Blau 9ST 150G,"2,29 €","15,27 €/kg","inkl. MwSt., zzgl. 4.95 € Versandkosten.",lieferbar innerhalb von 2-5 Werktagen,2023-05-03 01:47:41.765238,-,,"Verantwortliches Lebensmittelunternehmen:
Alfred Ritter GmbH & Co. KG, D-71111 Waldenbuch","Zutatenverzeichnis: Zucker, Kakaobutter¹, VOLLMILCHPULVER, Kakaomasse¹, HASELNUSSMASSE, LAKTOSE, MAGERMILCHPULVER, BUTTERREINFETT, Emulgator: Lecithine (SOJA). Kann Spuren von ERDNÜSSEN, anderen SCHALENFRÜCHTEN, GLUTENHALTIGEM GETREIDE und EI enthalten. ¹Rainforest Alliance Certified™",,,,,,,,,https://www.edeka24.de/Lebensmittel/Suess-Salzig/Tafelschokolade/Ritter-Sport-Mini-Blau-9ST-150G.html,https://www.edeka24.de/out/pictures/generated/product/1/540_540_90/alpenmilch_blaue-tte.jpg
3094,Lebensmittel,Süß & Salzig,Tafelschokolade,Cailler Cremant 64% Zartbitter 100G,"2,29 €","22,90 €/kg","inkl. MwSt., zzgl. 4.95 € Versandkosten.",lieferbar innerhalb von 2-5 Werktagen,2023-05-03 01:47:44.388564,Dunkle Schokolade. Kakao: 64% mindestens.,Hinweis zur Aufbewahrung: Trocken lagern. Vor Wärme schützen.,"Verantwortliches Lebensmittelunternehmen:
Nestlé Deutschland AG, 60523 Frankfurt/Main","Zutatenverzeichnis: Kakaomasse (Ghana, Elfenbeinküste, Ecuador), Zucker, Kakaobutter, BUTTERREINFETT, Emulgator (Lecithine), natürliches Madagaskar-Vanille-Aroma. Kann enthalten: MILCH, EIER, GLUTEN, MANDELN, HASELNÜSSE, andere NÜSSE.",2371,114,"40,5","19,8","37,7","33,7","9,2","0,01",https://www.edeka24.de/Lebensmittel/Suess-Salzig/Tafelschokolade/Cailler-Cremant-64-Zartbitter-100G.html,https://www.edeka24.de/out/pictures/generated/product/1/540_540_90/cailler_cremant_zartbitter_100g.jpg
3095,Lebensmittel,Süß & Salzig,Tafelschokolade,Alnatura Bio Edelbitter Schokolade 80G,"1,79 €","22,38 €/kg","inkl. MwSt., zzgl. 4.95 € Versandkosten.",lieferbar innerhalb von 2-5 Werktagen,2023-05-03 01:47:47.537188,-,"Hinweis zur Aufbewahrung: Trocken lagern, vor Wärme schützen.","Verantwortliches Lebensmittelunternehmen:
Alnatura Produktions- und Handels GmbH, Mahatma-Gandhi-Str. 7, 64295 Darmstadt","Zutatenverzeichnis: Kakaomasse*, Rohrohrzucker*, Kakaobutter* *aus biologischer Landwirtschaft. Kann Spuren von GUTEN, MILCH, MANDEL, HASELNUSS, PECANUSS und PISTAZIE enthalten.",2455,594,50,32,19,12,"9,5","0,02",https://www.edeka24.de/Lebensmittel/Suess-Salzig/Tafelschokolade/Alnatura-Bio-Edelbitter-Schokolade-80G.html,https://www.edeka24.de/out/pictures/generated/product/1/540_540_90/bio_alnatura_edelbitter_schokolade_80g.jpg
3096,Lebensmittel,Süß & Salzig,Tafelschokolade,Milka Oreo Sandwich Schokolade 92G,"1,49 €","16,20 €/kg","inkl. MwSt., zzgl. 4.95 € Versandkosten.",lieferbar innerhalb von 2-5 Werktagen,2023-05-03 01:47:50.369717,Kakaokekse (25%) und Milchcrème (12%) mit Vanillegeschmack auf Alpenmilch Schokolade (63 %).,Hinweis zur Aufbewahrung: Trocken lagern und vor Wärme schützen.,"Verantwortliches Lebensmittelunternehmen:
Mondelez Deutschland, D-28078 Bremen","Zutatenverzeichnis: Zucker, WEIZENMEHL, Kakaobutter, MAGERMILCHPULVER, pflanzliche Fette (Palm, Palmkern), Kakaomasse, Süßmolkenpulver (aus MILCH), BUTTERREINFETT, fettarmes Kakaopulver (1,5%), Glukose-Fruktose-Sirup, WEIZENSTÄRKE, Emulgatoren (SOJALECITHIN, Sonnenblumenlecithin), Backtriebmittel (Kaliumhydrogencarbonat, Ammoniumhydrogencarbonat, Natriumhydrogencarbonat), Speisesalz, Aromen. Kann NÜSSE enthalten.",2168,518,27,16,61,50,"5,7","0,51",https://www.edeka24.de/Lebensmittel/Suess-Salzig/Tafelschokolade/Milka-Oreo-Sandwich-Schokolade-92G.html,https://www.edeka24.de/out/pictures/generated/product/1/540_540_90/milka_oreo_sandwich_schokolade_92g.jpg
3097,Lebensmittel,Süß & Salzig,Tafelschokolade,Milka Weisse Schokolade 100G,"1,49 €","14,90 €/kg","inkl. MwSt., zzgl. 4.95 € Versandkosten.",lieferbar innerhalb von 2-5 Werktagen,2023-05-03 01:47:52.834439,Weiße Schokolade.,Hinweis zur Aufbewahrung: Trocken lagern und vor Wärme schützen.,"Verantwortliches Lebensmittelunternehmen:
Mondelez Deutschland, D-28078 Bremen","Zutatenverzeichnis: Zucker, Kakaobutter, MAGERMILCHPULVER, SÜßMOLKENPULVER, BUTTERREINFETT, Emulgator (SOJALECITHIN), natürliches Aroma. Kann NÜSSE enthalten.",540,2255,"29,5","18,5",63,63,"4,7","0,4",https://www.edeka24.de/Lebensmittel/Suess-Salzig/Tafelschokolade/Milka-Weisse-Schokolade-100G.html,https://www.edeka24.de/out/pictures/generated/product/1/540_540_90/milka_weisse_schokolade_100g.jpg
3098,Lebensmittel,Süß & Salzig,Tafelschokolade,Ritter Sport Knusperflakes 100G,"1,39 €","13,90 €/kg","inkl. MwSt., zzgl. 4.95 € Versandkosten.",lieferbar innerhalb von 2-5 Werktagen,2023-05-03 01:47:55.328907,Vollmilchschokolade mit Cornflakes. Kakao: 30% mindestens im Schokoladenanteil.,Hinweis zur Aufbewahrung: Vor Wärme und Feuchtigkeit schützen.,"Verantwortliches Lebensmittelunternehmen:
Alfred Ritter GmbH & Co. KG, 71111 Waldenbuch","Zutatenverzeichnis: Zucker, Kakaobutter¹, Kakaomasse¹, Mais (11 %), VOLLMILCHPULVER, LAKTOSE, MAGERMILCHPULVER, BUTTERREINFETT, Emulgator: Lecithine (SOJA), Salz, GERSTENMALZEXTRAKT. Kann Spuren von ERDNÜSSEN, SCHALENFRÜCHTEN und EI enthalten. ¹Rainforest Alliance Certified.",2173,520,27,16,60,50,"6,5","0,43",https://www.edeka24.de/Lebensmittel/Suess-Salzig/Tafelschokolade/Ritter-Sport-Knusperflakes-100G.html,https://www.edeka24.de/out/pictures/generated/product/1/540_540_90/rsknusperflakes.jpg
3099,Lebensmittel,Süß & Salzig,Tafelschokolade,Milka Daim Schokolade 100G,"1,49 €","14,90 €/kg","inkl. MwSt., zzgl. 4.95 € Versandkosten.",lieferbar innerhalb von 2-5 Werktagen,2023-05-03 01:47:58.475716,Alpenmilchschokolade mit Mandelkaramellstückchen (20%).,Hinweis zur Aufbewahrung: Trocken lagern und vor Wärme schützen.,"Verantwortliches Lebensmittelunternehmen:
Mondelez Deutschland, D-28078 Bremen","Zutatenverzeichnis: Zucker, Kakaobutter, Kakaomasse, MAGERMILCHPULVER, Süssmolkenpulver (aus MILCH), Palmöl, BUTTERREINFETT, MANDELN (1%), gesüsste KONDENSMAGERMILCH, Emulgator (SOJALECITHINE), HASELNUSSMASSE, Speisesalz, Molkenerzeugnis (aus MILCH), Aromen. Kakao: 33% mindestens in der Alpenmilch Schokolade. Kann enthalten: WEIZEN.",2254,540,31,18,58,57,"5,5","0,48",https://www.edeka24.de/Lebensmittel/Suess-Salzig/Tafelschokolade/Milka-Daim-Schokolade-100G.html,https://www.edeka24.de/out/pictures/generated/product/1/540_540_90/milka_daim_schokolade_100g.jpg
3100,Lebensmittel,Süß & Salzig,Tafelschokolade,Milka Mmmax Nussini 270G,"3,49 €","12,93 €/kg","inkl. MwSt., zzgl. 4.95 € Versandkosten.",lieferbar innerhalb von 2-5 Werktagen,2023-05-03 01:48:01.465049,"Alpenmilch-Schokolade gefüllt mit einer Haselnusscrème (40%), mit Haselnussstückchen (2%) und Waffel (4%).",Hinweis zur Aufbewahrung: Trocken lagern und vor Wärtme schützen.,"Verantwortliches Lebensmittelunternehmen:
Mondelez Deutschland GmbH, 28078 Bremen","Zutatenverzeichnis: Zucker, pflanzliche Fette (Palm, Kokos), Kakaomasse, Kakaobutter, Süssmolkenpulver (aus MILCH), MAGERMILCHPULVER, WEIZENMEHL, BUTTERREINFETT, HASELNUSSMASSE (2,5%), HASELNUSSSTÜCKCHEN, Emulgator (SOJALECITHINE), WEIZENSTÄRKE, Aromen (enthalten Milch), Speisesalz, karamellisierter Zuckersirup, Backtriebmittel (E500). Kann enthalten: andere NÜSSE.",2317,556,34,18,54,50,"5,7","0,25",https://www.edeka24.de/Lebensmittel/Suess-Salzig/Tafelschokolade/Milka-Mmmax-Nussini-270G.html,https://www.edeka24.de/out/pictures/generated/product/1/540_540_90/milka_mmmax_nussini_270g.jpg
3101,Lebensmittel,Süß & Salzig,Tafelschokolade,Lindt Maitre Chocolatier Vollmilch Haselnuss 110G,"1,89 €","17,18 €/kg","inkl. MwSt., zzgl. 4.95 € Versandkosten.",lieferbar innerhalb von 2-5 Werktagen,2023-05-03 01:48:04.555374,Vollmilch-Schokolade mit Haselnussstückchen. Kakao: 30% mindestens in der Milchschokolade.,Hinweis zur Aufbewahrung: Kühl und trocken lagern.,"Verantwortliches Lebensmittelunternehmen:
EDEKA ZENTRALE Stiftung & Co. KG, D-22291 Hamburg","Zutatenverzeichnis: Zucker, Kakaobutter, HASELNÜSSE (16%), MILCHPULVER, Kakaomasse, MILCHZUCKER, MAGERMILCHPULVER, Emulgator (SOJALECITHIN), GERSTENMALZEXTRAKT, Aroma. Kann andere SCHALENFRÜCHTE enthalten.",2390,574,37,17,50,47,"8,3","0,25",https://www.edeka24.de/Lebensmittel/Suess-Salzig/Tafelschokolade/Lindt-Maitre-Chocolatier-Vollmilch-Haselnuss-110G.html,https://www.edeka24.de/out/pictures/generated/product/1/540_540_90/lindt_tafel_vollmilch_haselnuss_110g.jpg
3102,Lebensmittel,Süß & Salzig,Tafelschokolade,Veganz Bio Rice Choc Haselnuss-Krokant 80G,"2,29 €","28,63 €/kg","inkl. MwSt., zzgl. 4.95 € Versandkosten.",lieferbar innerhalb von 2-5 Werktagen,2023-05-03 01:48:07.059966,Bio Schokoladenkuvertüre mit Reispulver und Haselnusskrokant. Kakao: 40% mindestens in der Schokoladenkuvertüre.,Hinweis zur Aufbewahrung: Trocken lagern und vor Wärme schützen.,"Verantwortliches Lebensmittelunternehmen:
Veganz Group AG, Warschauer Str. 32, 10243 Berlin","Zutatenverzeichnis: Rohrohrzucker*, Kakaobutter*, Kakaomasse*, Reissiruppulver* (14%), HASELNUSSKROKANT* (8,0 %) (Rohrohrzucker*, HASELNUSSKERNE* gehackt (27 %), Glukosesirup*, Karamellzuckersirup*), HASELNUSSMARK*, Vanilleextrakt*. Kann Spuren von anderen SCHALENFRÜCHTEN, GLUTENHALTIGEM GETREIDE und MILCH enthalten. *aus kontrolliert biologischem Anbau",2350,564,35,20,58,47,"2,4","0,01",https://www.edeka24.de/Lebensmittel/Suess-Salzig/Tafelschokolade/Veganz-Bio-Rice-Choc-Haselnuss-Krokant-80G.html,https://www.edeka24.de/out/pictures/generated/product/1/540_540_90/veganzhaselnuss-krokant.jpg
3103,Lebensmittel,Süß & Salzig,Tafelschokolade,Lindt Dunkle Haselnuss 110G,"1,59 €","14,45 €/kg","inkl. MwSt., zzgl. 4.95 € Versandkosten.",lieferbar innerhalb von 2-5 Werktagen,2023-05-03 01:48:09.624207,Dunkle Schokolade mit Haselnussstückchen. Kakao: 47% mindestens in der dunklen Schokolade.,Hinweis zur Aufbewahrung: Kühl und trocken lagern.,"Verantwortliches Lebensmittelunternehmen:
Lindt & Sprüngli GmbH, Süsterfeldstrasse130, 52072 Aachen","Zutatenverzeichnis: Zucker, Kakaomasse, HASELNÜSSE (16%), Kakaobutter, BUTTERREINFETT, Emulgator (SOJALECITHIN). Kann MANDELN und andere SCHALENFRÜCHTE enthalten.",2342,563,37,17,46,40,"7,5","0,08",https://www.edeka24.de/Lebensmittel/Suess-Salzig/Tafelschokolade/Lindt-Dunkle-Haselnuss-110G.html,https://www.edeka24.de/out/pictures/generated/product/1/540_540_90/lindt_tafel_dunkle_haselnuss_110g.jpg
3104,Lebensmittel,Süß & Salzig,Tafelschokolade,Milka Haselnuss Schokolade 100G,"1,49 €","14,90 €/kg","inkl. MwSt., zzgl. 4.95 € Versandkosten.",lieferbar innerhalb von 2-5 Werktagen,2023-05-03 01:48:12.276891,Alpenmilch Schokolade mit Haselnussstückchen.,Hinweis zur Aufbewahrung: Trocken lagern und vor Wärme schützen.,"Verantwortliches Lebensmittelunternehmen:
Mondelez Deutschland, D-28078 Bremen","Zutatenverzeichnis: Zucker, Kakaobutter, Kakaomasse, MAGERMILCHPULVER, HASELNUSSSTÜCKCHEN (9%), Süssmolkenpulver (aus MILCH), BUTTERREINFETT, Emulgator (SOJALECITHINE), HASELNUSSMASSE, Aroma. Kakao: 33% mindestens in der Alpenmilch Schokolade. Kann andere NÜSSE und WEIZEN enthalten.",2301,552,34,17,52,51,"7,2","0,25",https://www.edeka24.de/Lebensmittel/Suess-Salzig/Tafelschokolade/Milka-Haselnuss-Schokolade-100G.html,https://www.edeka24.de/out/pictures/generated/product/1/540_540_90/milka_haselnuss_schokolade_100g.jpg
3105,Lebensmittel,Süß & Salzig,Tafelschokolade,Schogetten Edel-Alpenvollmilch 100G,"1,39 €","13,90 €/kg","inkl. MwSt., zzgl. 4.95 € Versandkosten.",lieferbar innerhalb von 2-5 Werktagen,2023-05-03 01:48:15.137149,Alpenmilchschokolade,Hinweis zur Aufbewahrung: Bitte vor Wärme und Feuchtigkeit schützen.,"Verantwortliches Lebensmittelunternehmen:
Luwdig Schokolade GmbH & Co. KG, Postfach 2015, 66720 Saarlouis, Deutschland","Zutatenverzeichnis: Zucker, Kakaobutter, SAHNEPULVER, Kakaomasse, VOLLMILCHPULVER, BUTTERREINFETT, Emulgator (SOJALECITHINE), natürliches Vanillearoma. Alpenvollmilchschokolade: Kakao: 30% mindestens. Kann ERDNÜSSE, SCHALENFRÜCHTE, GLUTEN und EI enthalten.",2332,559,35,21,55,54,"5,2","0,15",https://www.edeka24.de/Lebensmittel/Suess-Salzig/Tafelschokolade/Schogetten-Edel-Alpenvollmilch-100G.html,https://www.edeka24.de/out/pictures/generated/product/1/540_540_90/schogetten_vollmilch_100_g.jpg
3106,Lebensmittel,Süß & Salzig,Tafelschokolade,Milka Naps Alpenmilch 119G,"2,59 €","21,76 €/kg","inkl. MwSt., zzgl. 4.95 € Versandkosten.",lieferbar innerhalb von 2-5 Werktagen,2023-05-03 01:48:17.999134,Alpenmilchschokolade.,Hinweis zur Aufbewahrung: Trocken lagern und vor Wärme schützen.,"Verantwortliches Lebensmittelunternehmen:
Mondelez Deutschland, D-28078 Bremen","Zutatenverzeichnis: Zucker, Kakaobutter, MAGERMILCHPULVER, Kakaomasse, Süßmolkenpulver (aus MILCH) , BUTTERREINFETT, HASELNÜSSE, Emulgator (SOJALECITHIN), Aroma (Vanillin). Kakao: 30% mindestens. Kann andere NÜSSE und WEIZEN enthalten.",530,2220,"29,5","17,5","58,5",58,"6,4","0,43",https://www.edeka24.de/Lebensmittel/Suess-Salzig/Tafelschokolade/Milka-Naps-Alpenmilch-119G.html,https://www.edeka24.de/out/pictures/generated/product/1/540_540_90/milka_naps_alpenmilch.jpg
3107,Lebensmittel,Süß & Salzig,Tafelschokolade,Milka Caramel 100G,"1,39 €","13,90 €/kg","inkl. MwSt., zzgl. 4.95 € Versandkosten.",lieferbar innerhalb von 2-5 Werktagen,2023-05-03 01:48:21.454749,Alpenmilchschokolade mit Karamellcremefüllung,Hinweis zur Aufbewahrung: Trocken lagern und vor Wärme schützen.,"Verantwortliches Lebensmittelunternehmen:
Mondelez Deutschland, Langemarckstraße 4-20, D-28078 Bremen","Zutatenverzeichnis: Zucker, Glukosesirup, Kakaobutter, Glukose-Fruktose-Sirup, Süßmolkenpulver (aus MILCH), MAGERMILCHPULVER, Kakaomasse, Palmöl, BUTTERREINFETT, Emulgatoren (SOJALECITHIN, E471, Sonnenblumenlecithin), Aromen, HASELNÜSSE, Speisesalz. KANN ANDERE NÜSSE UND WEIZEN ENTHALTEN.",477,1996,23,13,62,51,"4,1","0,46",https://www.edeka24.de/Lebensmittel/Suess-Salzig/Tafelschokolade/Milka-Caramel-100G.html,https://www.edeka24.de/out/pictures/generated/product/1/540_540_90/milka_caramel_100g.jpg
3108,Lebensmittel,Süß & Salzig,Tafelschokolade,GEPA Fairtrade Grand Noir Orange Bio Schokolade 70% Cacao 100G,"2,49 €","24,90 €/kg","inkl. MwSt., zzgl. 4.95 € Versandkosten.",lieferbar innerhalb von 2-5 Werktagen,2023-05-03 01:48:24.470771,Bio Bitterschokolade mit Orangenöl. Kakao: 70% mindestens.,,"Verantwortliches Lebensmittelunternehmen:
GEPA mbH The Fair Trade Company, GEPA-Weg 1, 42327 Wuppertal","Zutatenverzeichnis: Kakaomasse°*, Mascobado-Vollrohrzucker°*, Kakaobutter°*, Kakaopulver°*. Aroma: Orangenöl. °Fair Handelsanteil der Zutaten 99,9%, *aus kontrolliert biologischem Anbau",2415,582,"43,3","27,3","34,8",27,"7,5","0,02",https://www.edeka24.de/Lebensmittel/Suess-Salzig/Tafelschokolade/GEPA-Fairtrade-Grand-Noir-Orange-Bio-Schokolade-70-Cacao-100G.html,https://www.edeka24.de/out/pictures/generated/product/1/540_540_90/gepa_fairtrade_grand_noir_orange_bio_schokolade_70_2016.jpg
3109,Lebensmittel,Süß & Salzig,Tafelschokolade,Ferrero Rocher Tafel Weiss 90G,"1,99 €","22,11 €/kg","inkl. MwSt., zzgl. 4.95 € Versandkosten.",lieferbar innerhalb von 2-5 Werktagen,2023-05-03 01:48:27.394138,Gefüllte Weiße Schokolade (59%) mit Haselnusscreme (38%) und Haselnuss-Stückchen,Hinweis zur Aufbewahrung: Kühl und trocken aufbewahren.,"Verantwortliches Lebensmittelunternehmen:
Ferrero, 60624 Frankfurt am Main","Zutatenverzeichnis: Zucker, MAGERMILCHPULVER, Kakaobutter, HASELNÜSSE (13,5%),Palmöl, VOLLMILCHPULVER, SÜSSMOLKENPULVER, BUTTERREINFETT, Emulgator Lecithine (SOJA), Aromen.Gesamtkakaobestandteile im Produkt 20 %.Kann MANDELN, WALNÜSSE, KASCHUNÜSSE, PECANNÜSSE,PARANÜSSE, PISTAZIEN und MACADAMIANÜSSE enthalten.",602,2502,"42,7","21,8","43,9","43,9","9,7","0,323",https://www.edeka24.de/Lebensmittel/Suess-Salzig/Tafelschokolade/Ferrero-Rocher-Tafel-Weiss-90G.html,https://www.edeka24.de/out/pictures/generated/product/1/540_540_90/ferrero_rocher_tafel_weiss_90g.jpg
3110,Lebensmittel,Süß & Salzig,Tafelschokolade,Ritter Sport Goldschatz 250G,"2,69 €","10,76 €/kg","inkl. MwSt., zzgl. 4.95 € Versandkosten.",lieferbar innerhalb von 2-5 Werktagen,2023-05-03 01:48:30.357731,Vollmilchschokolade. Kakao: 40% mindestens.,Hinweis zur Aufbewahrung: Vor Wärme und Feuchtigkeit schützen.,"Verantwortliches Lebensmittelunternehmen:
Alfred Ritter GmbH & Co. KG, 71111 Waldenbuch","Zutatenverzeichnis: Zucker, Kakaomasse¹, Kakaobutter¹, SAHNEPULVER, LAKTOSE, MAGERMILCHPULVER, Emulgator: Lecithine (SOJA). Kann Spuren von ERDNÜSSEN, SCHALENFRÜCHTEN, GLUTENHALTIGEM GETREIDE und EI enthalten. ¹Rainforest Alliance Certified.",2383,573,39,24,46,45,"7,4","0,16",https://www.edeka24.de/Lebensmittel/Suess-Salzig/Tafelschokolade/Ritter-Sport-Goldschatz-250G.html,https://www.edeka24.de/out/pictures/generated/product/1/540_540_90/rsgoldschatz250.jpg
3111,Lebensmittel,Süß & Salzig,Tafelschokolade,Wawi Schoko-Dinkel 230G,"2,49 €","10,83 €/kg","inkl. MwSt., zzgl. 4.95 € Versandkosten.",lieferbar innerhalb von 2-5 Werktagen,2023-05-03 01:48:33.230506,Edelvollmilchschokolade mit gepufftem Dinkelweizen und Reiscrisp. Kakao: 30% mindestens in der Edelvollmilchschokolade.,Hinweis zur Aufbewahrung: Trocken und vor Wärme geschützt lagern.,"Verantwortliches Lebensmittelunternehmen:
Wawi-Euro GmbH, 66953 Pirmasens","Zutatenverzeichnis: 70,7% Edelvollmilchschokolade (Zucker, Kakaobutter, VOLLMILCHPULVER, Kakaomasse, SÜßMOLKENPULVER, Emulgator Lecithine (SOJA)), 26% gepuffter DINKELWEIZEN, 3,3% Reis-Extrudat (Reismehl). Produkt kann Spuren von SCHALENFRÜCHTEN und ERDNÜSSEN enthalten.",1993,476,24,15,56,41,"7,5","0,18",https://www.edeka24.de/Lebensmittel/Suess-Salzig/Tafelschokolade/Wawi-Schoko-Dinkel-230G.html,https://www.edeka24.de/out/pictures/generated/product/1/540_540_90/wawi_schokodinkel_tafel_230g.jpg
3112,Lebensmittel,Süß & Salzig,Tafelschokolade,Lindt Maitre Chocolatier Vollmilch Crisp 110G,"1,89 €","17,18 €/kg","inkl. MwSt., zzgl. 4.95 € Versandkosten.",lieferbar innerhalb von 2-5 Werktagen,2023-05-03 01:48:36.506967,Vollmilch-Schokolade mit Reis-Crisp. Kakao: 30% mindestens in der Milchschokolade.,Hinweis zur Aufbewahrung: Kühl und trocken lagern.,"Verantwortliches Lebensmittelunternehmen:
EDEKA ZENTRALE Stiftung & Co. KG, D-22291 Hamburg","Zutatenverzeichnis: Zucker, Kakaobutter, MILCHPULVER, Kakaomasse, Reismehl, MILCHZUCKER, MAGERMILCHPULVER, Emulgator (SOJALECITHIN), GERSTENMALZEXTRAKT, Aroma. Kann SCHALENFRÜCHTE enthalten.",2197,526,29,17,58,51,7,"0,28",https://www.edeka24.de/Lebensmittel/Suess-Salzig/Tafelschokolade/Lindt-Maitre-Chocolatier-Vollmilch-Crisp-110G.html,https://www.edeka24.de/out/pictures/generated/product/1/540_540_90/lindt_tafel_vollmilch_crisp_110g.jpg
3113,Lebensmittel,Süß & Salzig,Tafelschokolade,Ritter Sport Nuss Klasse Ganze Mandel 100G,"1,59 €","15,90 €/kg","inkl. MwSt., zzgl. 4.95 € Versandkosten.",lieferbar innerhalb von 2-5 Werktagen,2023-05-03 01:48:38.991939,Vollmilchschokolade mit ganzen Mandeln (25%). Kakao: 30% mindestens im Schokoladenanteil.,Hinweis zur Aufbewahrung: Vor Wärme und Feuchtigkeit schützen.,"Verantwortliches Lebensmittelunternehmen:
Alfred Ritter GmbH & Co. KG, 71111 Waldenbuch","Zutatenverzeichnis: Zucker, MANDELN, Kakaobutter¹, Kakaomasse¹, VOLLMILCHPULVER, LAKTOSE, MAGERMILCHPULVER, BUTTERREINFETT, Emulgator: Lecithine (SOJA). Kann Spuren von ERDNÜSSEN, anderen SCHALENFRÜCHTEN, GLUTENHALTIGEM GETREIDE und EI enthalten. ¹Rainforest Alliance Certified.",2327,559,37,14,45,44,"9,8","0,14",https://www.edeka24.de/Lebensmittel/Suess-Salzig/Tafelschokolade/Ritter-Sport-Nuss-Klasse-Ganze-Mandel-100G.html,https://www.edeka24.de/out/pictures/generated/product/1/540_540_90/rsganzemandel(1).jpg
3114,Lebensmittel,Süß & Salzig,Tafelschokolade,Tony's Chocolonely Dunkle Vollmilchschokolade 42% Brezel Toffee 180G,"3,49 €","19,39 €/kg","inkl. MwSt., zzgl. 4.95 € Versandkosten.",lieferbar innerhalb von 2-5 Werktagen,2023-05-03 01:48:41.897349,Dunkle Fairtrade-Vollmilchschokolade mit Brezelstücken und Karamell. Kakao: 42% mindestens.,Hinweis zur Aufbewahrung: Dunkel und trocken bei Raumtemperatur lagern und vor Wärme schützen.,"Verantwortliches Lebensmittelunternehmen:
Tony's Chocolonely, Polonceaukade 20, 1014 DA Amsterdam","Zutatenverzeichnis: Zucker, Kakaomasse, 16.63% VOLLMILCHPULVER,Kakaobutter, 7.22% Brezel (WEIZENMEHL, Salz,Sonnenblumenöl, WEIZENMALZMEHL, Hefe, Säureregulator(Natriumhydroxid)), 2.78% Karamellstückchen (Zucker,Glukosesirup), 0.11% Meersalz, Emulgator (SOJALECITHIN), Kann Spuren von EI, ERDNUSS und NÜSSEN enthalten.",2238,534,33,20,49,41,"8,1","0,47",https://www.edeka24.de/Lebensmittel/Suess-Salzig/Tafelschokolade/Tony-s-Chocolonely-Dunkle-Vollmilchschokolade-42-Brezel-Toffee-180G.html,https://www.edeka24.de/out/pictures/generated/product/1/540_540_90/tony039s_chocolonely_dunkle_vollmilchschokolade_42_brezel_toffee_180g.jpg
3115,Lebensmittel,Süß & Salzig,Tafelschokolade,Alnatura Bio Vollmilch Schokolade 100G,"1,59 €","15,90 €/kg","inkl. MwSt., zzgl. 4.95 € Versandkosten.",lieferbar innerhalb von 2-5 Werktagen,2023-05-03 01:48:45.686996,-,"Hinweis zur Aufbewahrung: Trocken lagern, vor Wärme schützen.","Verantwortliches Lebensmittelunternehmen:
Alnatura GmbH, Mahatma-Gandhi-Straße 7, 64295 Darmstadt","Zutatenverzeichnis: Rohrohrzucker*, Kakaobutter*, VOLLMILCHPULVER*, Kakaomasse*, Sahnepulver*, MAGERMILCHPULVER*, Bourbonvanilleextrakt* *aus biologischer Landwirtschaft . Kann Spuren von GLUTEN, MANDEL, HASELNUSS, PECANUSS und PISTAZIE enthalten.",2410,579,39,25,49,48,7,"0,24",https://www.edeka24.de/Lebensmittel/Suess-Salzig/Tafelschokolade/Alnatura-Bio-Vollmilch-Schokolade-100G.html,https://www.edeka24.de/out/pictures/generated/product/1/540_540_90/bio_alnatura_vollmilchschokolade_100g.jpg
3116,Lebensmittel,Süß & Salzig,Tafelschokolade,Alnatura Bio Ganze Mandel Schokolade 100G,"1,89 €","18,90 €/kg","inkl. MwSt., zzgl. 4.95 € Versandkosten.",lieferbar innerhalb von 2-5 Werktagen,2023-05-03 01:48:49.299568,Bio Vollmilchschokolade mit Mandeln,"Hinweis zur Aufbewahrung: Trocken lagern, vor Wärme schützen.","Verantwortliches Lebensmittelunternehmen:
Alnatura Produktions- und Handels GmbH, Mahatma-Gandhi-Str. 7, 64295 Darmstadt","Zutatenverzeichnis: Rohrohrzucker*, MANDELN* 20 %, Kakaobutter*, VOLLMILCHPULVER*, Kakaomasse*, SAHNEPULVER*, MAGERMILCHPULVER*, Meersalz, Bourbonvanilleextrakt*. Kann Spuren von GLUTEN, HASELNUSS, PECANUSS und PISTAZIE enthalten. *aus biologischer Landwirtschaft",2489,598,42,20,42,39,11,"0,59",https://www.edeka24.de/Lebensmittel/Suess-Salzig/Tafelschokolade/Alnatura-Bio-Ganze-Mandel-Schokolade-100G.html,https://www.edeka24.de/out/pictures/generated/product/1/540_540_90/alnatura_bio_ganze_mandel_schokolade_100g.jpg
3117,Lebensmittel,Süß & Salzig,Tafelschokolade,GEPA Bio Zartbitter Mild pur 60% Kakao 100G,"2,29 €","22,90 €/kg","inkl. MwSt., zzgl. 4.95 € Versandkosten.",lieferbar innerhalb von 2-5 Werktagen,2023-05-03 01:48:52.774586,Bio Zartbitterschokolade. Kakao: 60% mindestens.,Hinweis zur Aufbewahrung: Kühl und trocken lagern.,"Verantwortliches Lebensmittelunternehmen:
GEPA mbH The Fair Trade Company, GEPA-Weg 1, 42327 Wuppertal","Zutatenverzeichnis: Kakaomasse*, Rohrohrzucker*, Kakaobutter*, Vanilleextrakt*. Kann produktionsbedingt Bestandteile von SCHALENFRÜCHTEN, MILCH und GLUTEN enthalten. *aus kontrolliert ökologischem Anbau",2361,568,"39,9","25,1","42,3",38,"5,5","0,01",https://www.edeka24.de/Lebensmittel/Suess-Salzig/Tafelschokolade/GEPA-Bio-Zartbitter-Mild-pur-60-Kakao-100G.html,https://www.edeka24.de/out/pictures/generated/product/1/540_540_90/gepazartbittermildpur.jpg
3118,Lebensmittel,Süß & Salzig,Tafelschokolade,Nestle Die Weisse Crisp Schokolade 100G,"1,59 €","15,90 €/kg","inkl. MwSt., zzgl. 4.95 € Versandkosten.",lieferbar innerhalb von 2-5 Werktagen,2023-05-03 01:48:55.770195,Weisse Schokolade mit Knusperreis.,Hinweis zur Aufbewahrung: Trocken lagern. Vor Wärme schützen.,"Verantwortliches Lebensmittelunternehmen:
Nestlé Deutschland AG, 60523 Frankfurt am Main","Zutatenverzeichnis: Zucker, VOLLMILCHPULVER, Kakaobutter, 10% Knusperreis (Reis, Zucker, Fruchtzucker, Salz), Emulgator Sonnenblumenlecithine, Vanilleextrakt. SPUREN: NÜSSE, EI, GLUTEN, SOJA.",2254,539,30,"18,15","59,99","40,3","7,56","0,3",https://www.edeka24.de/Lebensmittel/Suess-Salzig/Tafelschokolade/Nestle-Die-Weisse-Crisp-Schokolade-100G.html,https://www.edeka24.de/out/pictures/generated/product/1/540_540_90/nestle_die_weisse_crunch_100g.jpg
3119,Lebensmittel,Süß & Salzig,Tafelschokolade,Toblerone White 100G,"2,29 €","22,90 €/kg","inkl. MwSt., zzgl. 4.95 € Versandkosten.",lieferbar innerhalb von 2-5 Werktagen,2023-05-03 01:49:03.804267,Schweizer weiße Schokolade mit Honig- und Mandel-Torrone (10%).,Hinweis zur Aufbewahrung: Trocken lagern und vor Wärme schützen.,"Verantwortliches Lebensmittelunternehmen:
Mondelez Deutschland, D-28078 Bremen","Zutatenverzeichnis: Zucker, VOLLMILCHPULVER, Kakaobutter, Honig (3,0%), MANDELN (1,6%), Emulgator (SOJALECITHIN), EIKLAR, Aroma.",535,2245,"29,5",18,62,62,"6,1","0,23",https://www.edeka24.de/Lebensmittel/Suess-Salzig/Tafelschokolade/Toblerone-White-100G.html,https://www.edeka24.de/out/pictures/generated/product/1/540_540_90/toblerone_white_100_g.jpg
3120,Lebensmittel,Süß & Salzig,Tafelschokolade,Ritter Sport Schokowürfel Lass Dich Feiern 176G,"2,89 €","16,42 €/kg","inkl. MwSt., zzgl. 4.95 € Versandkosten.",lieferbar innerhalb von 2-5 Werktagen,2023-05-03 01:49:07.204294,Kakao: 30% mindestens in der Vollmilchschokolade.,Hinweis zur Aufbewahrung: Vor Wärme und Feuchtigkeit schützen.,"Verantwortliches Lebensmittelunternehmen:
Alfred Ritter GmbH & Co. KG, 71111 Waldenbuch","Zutatenverzeichnis: Zucker, Palmfett*, Kakaobutter¹, VOLLMILCHPULVER, Kakaomasse¹, MAGERMILCHPULVER, LAKTOSE, HASELNÜSSE, MAGERMILCHJOGHURTPULVER, BUTTERREINFETT, Glukose-Fruktose-Sirup, HASELNUSSMASSE, BUTTER, SÜSSMOLKE, magerer Kakao¹, Maltodextrin, gezuckerte KONDENSMILCH, Emulgator: Lecithine (SOJA), WEIZENMEHL, MAGERMILCH, SAHNE, SAHNEPULVER, Kokosöl, Reis, Salz, WEIZENMALZ, WEIZENSTÄRKE, GERSTENMALZEXTRAKT. *zertifiziert nachhaltig. Kann Spuren von ERDNÜSSEN, anderen SCHALENFRÜCHTEN und EI enthalten. ¹Rainforest Alliance Certified",2377,571,38,21,50,47,"6,5","0,33",https://www.edeka24.de/Lebensmittel/Suess-Salzig/Tafelschokolade/Ritter-Sport-Schokowuerfel-Lass-Dich-Feiern-176G.html,https://www.edeka24.de/out/pictures/generated/product/1/540_540_90/rsswlassdichfeiern.jpg
3121,Lebensmittel,Süß & Salzig,Tafelschokolade,Alnatura Bio Cappuccino Schokolade 100G,"2,19 €","21,90 €/kg","inkl. MwSt., zzgl. 4.95 € Versandkosten.",lieferbar innerhalb von 2-5 Werktagen,2023-05-03 01:49:09.676727,Bio Cappuccino-Milchschokolade und weiße Schokolade,Hinweis zur Aufbewahrung: Trocken lagern und vor Wärme schützen.,"Verantwortliches Lebensmittelunternehmen:
Alnatura Produktions- und Handels GmbH, Mahatma-Gandhi-Str. 7, 64295 Darmstadt","Zutatenverzeichnis: Cappuccino-Milchschokolade* 80 % (Rohrohrzucker*, Kakaobutter*, Kakaomasse*, VOLLMILCHPULVER*, Kaffee* 3 %), weiße Schokolade* 20 % (Rohrohrzucker*, Kakaobutter*, SAHNEPULVER*, MAGERMILCHPULVER*, MOLKENERZEUGNIS*, Bourbonvanilleextrakt*) *aus biologischer Landwirtschaft. Kann Spuren von GLUTEN, MANDEL, HASELNUSS, PECANUSS und PISTAZIE enthalten.",2442,587,41,26,48,47,"5,4","0,18",https://www.edeka24.de/Lebensmittel/Suess-Salzig/Tafelschokolade/Alnatura-Bio-Cappuccino-Schokolade-100G.html,https://www.edeka24.de/out/pictures/generated/product/1/540_540_90/bio_alnatura_cappuccinoschokolade_100g.jpg
3122,Lebensmittel,Süß & Salzig,Tafelschokolade,Ferrero Rocher Tafel Original 90G,"1,99 €","22,11 €/kg","inkl. MwSt., zzgl. 4.95 € Versandkosten.",lieferbar innerhalb von 2-5 Werktagen,2023-05-03 01:49:12.421049,Gefüllte Milchschokolade (59%) mit Haselnusscreme (38%) und Haselnuss-Stückchen,Hinweis zur Aufbewahrung: Kühl und trocken aufbewahren.,"Verantwortliches Lebensmittelunternehmen:
Ferrero, 60624 Frankfurt am Main","Zutatenverzeichnis: Zucker, Kakaobutter, HASELNÜSSE (16 %), Kakaomasse, Palmöl, MAGERMILCHPULVER, SÜSSMOLKENPULVER, BUTTERREINFETT, fettarmer Kakao, Emulgator Lecithine (SOJA), Aromen.Gesamtkakaobestandteile im Produkt 26,5 %.Kann MANDELN, WALNÜSSE, KASCHUNÜSSE, PECANNÜSSE,PARANÜSSE, PISTAZIEN und MACADAMIANÜSSE enthalten.",601,2499,"43,1","21,6","45,7","44,8","6,2","0,147",https://www.edeka24.de/Lebensmittel/Suess-Salzig/Tafelschokolade/Ferrero-Rocher-Tafel-Original-90G.html,https://www.edeka24.de/out/pictures/generated/product/1/540_540_90/ferrerorocherhaselnuss.jpg
3123,Lebensmittel,Süß & Salzig,Tafelschokolade,Sarotti Fair Ecuador 85% 100G,"2,39 €","23,90 €/kg","inkl. MwSt., zzgl. 4.95 € Versandkosten.",lieferbar innerhalb von 2-5 Werktagen,2023-05-03 01:49:15.059860,Edelbitterschokolade (Kakao: 85% mindestens),Hinweis zur Aufbewahrung: Kühl und trocken lagern.,"Verantwortliches Lebensmittelunternehmen:
Sarotti GmbH, Motzener Straße 32, 12277 Berlin","Zutatenverzeichnis: Kakaomasse*, 1, Kakaobutter*, Zucker, Emulgator: Lecithine (SOJA), Bourbon-Vanilleextrakt. Kann HASELNÜSSE, andere SCHALENFRÜCHTE, ERDNÜSSE, GLUTEN und MILCH enthalten. *Rainforest Alliance zertifiziert.",2678,669,59,37,16,11,"7,8","0,02",https://www.edeka24.de/Lebensmittel/Suess-Salzig/Tafelschokolade/Sarotti-Fair-Ecuador-85-100G.html,https://www.edeka24.de/out/pictures/generated/product/1/540_540_90/sarottifair_ecuador_85_100g.jpg
3124,Lebensmittel,Süß & Salzig,Tafelschokolade,Ritter Sport 55% Die Milde aus Ghana 100G,"1,59 €","15,90 €/kg","inkl. MwSt., zzgl. 4.95 € Versandkosten.",lieferbar innerhalb von 2-5 Werktagen,2023-05-03 01:49:18.038247,Dunkle Milchschokolade. Kakao: 55% mindestens.,Hinweis zur Aufbewahrung: Vor Wärme und Feuchtigkeit schützen.,"Verantwortliches Lebensmittelunternehmen:
Alfred Ritter GmbH & Co. KG, 71111 Waldenbuch","Zutatenverzeichnis: Kakaomasse¹*, Zucker, Kakaobutter¹, VOLLMILCHPULVER. *aus Kakaobohnen aus Ghana hergestellt. Kann Spuren von ERDNÜSSEN, SCHALENFRÜCHTEN, GLUTENHALTIGEM GETREIDE, SOJA und EI enthalten. ¹Rainforest Alliance Certified.",2483,598,45,28,35,33,"8,5","0,14",https://www.edeka24.de/Lebensmittel/Suess-Salzig/Tafelschokolade/Ritter-Sport-55-Die-Milde-aus-Ghana-100G.html,https://www.edeka24.de/out/pictures/generated/product/1/540_540_90/ritter_sport_55_die_milde_tafel_100g.jpg
3125,Lebensmittel,Süß & Salzig,Tafelschokolade,vehappy vegane Tafel Brown 80G,"1,89 €","23,63 €/kg","inkl. MwSt., zzgl. 4.95 € Versandkosten.",lieferbar innerhalb von 2-5 Werktagen,2023-05-03 01:49:21.215297,"Kakaobutterzubereitung mit 15% Kokosnussmilchpulver und 1,3% Mandelpaste, verfeinert mit 6% gezuckerten Cranberries und 4% Haferkeksstücken. Kakao: 38% mindestens",Hinweis zur Aufbewahrung: Kühl und trocken lagern.,"Verantwortliches Lebensmittelunternehmen:
EUCO GmbH, 22291 Hamburg","Zutatenverzeichnis: Zucker, Kakaobutter1, Kokosnussmilchpulver (Kokosnussmilch, Glukosesirup), Kakaomasse1, gezuckerte Cranberries (Zucker, Cranberries, Sonnenblumenöl), HAFERKEKSSTÜCKCHEN (Zucker, HAFERFLOCKEN, WEIZENMEHL, Palmfett, Speisesalz, natürliches Bourbon-Vanileeextrakt, Backtriebmittel: Natriumcarbonate, Emulgator: Lecithine [enthält SOJA]), Glukosesirup, MANDELN, Emulgator: Lecithine, Speisesalz. Das Produkt kann Spuren von anderen SCHALENFRÜCHTEN enthalten. 1 Rainforest Alliance-zertifiziert",2377,571,"37,3","24,3","54,8","45,5","2,4","0,13",https://www.edeka24.de/Lebensmittel/Suess-Salzig/Tafelschokolade/vehappy-vegane-Tafel-Brown-80G.html,https://www.edeka24.de/out/pictures/generated/product/1/540_540_90/vehappy_vegane_tafel_brown_80g.jpg
3126,Lebensmittel,Süß & Salzig,Tafelschokolade,Eszet Schnitten Zartbitter 75G,"1,29 €","17,20 €/kg","inkl. MwSt., zzgl. 4.95 € Versandkosten.",lieferbar innerhalb von 2-5 Werktagen,2023-05-03 01:49:24.230876,Zartbitter Schokolade (Kakao: 50% mindestens),Hinweis zur Aufbewahrung: Kühl und trocken lagern.,"Verantwortliches Lebensmittelunternehmen:
Sarotti GmbH, Motzener Straße 32, DE-12277 Berlin","Zutatenverzeichnis: Zucker, Kakaomasse, Kakaobutter, Butterreinfett (MILCH), Emulgator: SOJALECITHINE, Aroma",535,2227,"33,2",21,"49,8","46,5",5,"0,01",https://www.edeka24.de/Lebensmittel/Suess-Salzig/Tafelschokolade/Eszet-Schnitten-Zartbitter-75G.html,https://www.edeka24.de/out/pictures/generated/product/1/540_540_90/sarotti_eszet_schnitten_zartbitter_8_srck_75_g_packung.jpg
3127,Lebensmittel,Süß & Salzig,Tafelschokolade,Ritter Sport Vollmilch Laktosefrei 100G,"2,29 €","22,90 €/kg","inkl. MwSt., zzgl. 4.95 € Versandkosten.",lieferbar innerhalb von 2-5 Werktagen,2023-05-03 01:49:26.897453,"Vollmilchschokolade laktosefrei, glutenfrei, Kakao: 34% mindestens.",Hinweis zur Aufbewahrung: Vor Wärme und Feuchtigkeit schützen.,"Verantwortliches Lebensmittelunternehmen:
Alfred Ritter GmbH & Co. KG, Alfred-Ritter-Straße 27, D-71111 Waldenbuch","Zutatenverzeichnis: Zucker, Kakaobutter, laktosefreies* TROCKENMILCHERZEUGNIS, Kakaomasse (davon 15,8% Edel-Kakao), BUTTERREINFETT, Emulgator: Lecithine (SOJA), natürliches Vanille Aroma.",2330,559,35,21,50,49,"9,3","0,2",https://www.edeka24.de/Lebensmittel/Suess-Salzig/Tafelschokolade/Ritter-Sport-Vollmilch-Laktosefrei-100G.html,https://www.edeka24.de/out/pictures/generated/product/1/540_540_90/100g_vollmilch_laktosefrei.jpg
3128,Lebensmittel,Süß & Salzig,Tafelschokolade,Alnatura Bio Ganze Nuss Schokolade 100G,"1,89 €","18,90 €/kg","inkl. MwSt., zzgl. 4.95 € Versandkosten.",lieferbar innerhalb von 2-5 Werktagen,2023-05-03 01:49:29.767636,Bio Vollmilchschokolade mit ganzen Haselnüssen,"Hinweis zur Aufbewahrung: Trocken lagern, vor Wärme schützen.","Verantwortliches Lebensmittelunternehmen:
Alnatura Produktions- und Handels GmbH, Mahatma-Gandhi-Str. 7, 64295 Darmstadt","Zutatenverzeichnis: Rohrohrzucker*, HASELNÜSSE* 26%, Kakaobutter*, VOLLMILCHPULVER*, Kakaomasse*, SAHNEPULVER*, MAGERMILCHPULVER*, Bourbonvanilleextrakt*. kann Spuren von GLUTEN, MANDEL, PECANUSS und PISTAZIE enthalten. *aus biologischer Landwirtschaft",2524,608,45,19,40,36,"8,9","0,17",https://www.edeka24.de/Lebensmittel/Suess-Salzig/Tafelschokolade/Alnatura-Bio-Ganze-Nuss-Schokolade-100G.html,https://www.edeka24.de/out/pictures/generated/product/1/540_540_90/bio_alnatura_ganze_nussschokolade_100g.jpg
3129,Lebensmittel,Süß & Salzig,Tafelschokolade,Alpia Alpenmilch Schokolade 100G,"1,19 €","11,90 €/kg","inkl. MwSt., zzgl. 4.95 € Versandkosten.",lieferbar innerhalb von 2-5 Werktagen,2023-05-03 01:49:32.465672,Alpenmilchschokolade (Kakao: 30% mindestens),Hinweis zur Aufbewahrung: Bitte kühl und trocken aufbewahren.,"Verantwortliches Lebensmittelunternehmen:
Stollwerck GmbH, Am Stammgleis 9, 22844 Noderstedt, Germany / DE","Zutatenverzeichnis: Zucker, VOLLMILCHPULVER (19%), Kakaobutter, Kakaomasse, Emulgator: SOJAlLECITHINE HASELNÜSSE, MANDELN, natürliches Vanille-Aroma.",537,2243,31,18,58,57,"6,5","0,17",https://www.edeka24.de/Lebensmittel/Suess-Salzig/Tafelschokolade/Alpia-Alpenmilch-Schokolade-100G.html,https://www.edeka24.de/out/pictures/generated/product/1/540_540_90/alpia_alpenmilch_schokolade(1).jpg
3130,Lebensmittel,Süß & Salzig,Tafelschokolade,Ritter Sport Alpenmilch 250G,"2,69 €","10,76 €/kg","inkl. MwSt., zzgl. 4.95 € Versandkosten.",lieferbar innerhalb von 2-5 Werktagen,2023-05-03 01:49:35.570480,Alpen-Vollmichschokolade. Kakao: 30% mindestens.,Hinweis zur Aufbewahrung: Vor Wärme und Feuchtigkeit schützen.,"Verantwortliches Lebensmittelunternehmen:
Alfred Ritter GmbH & Co. KG, 71111 Waldenbuch","Zutatenverzeichnis: Zucker, VOLLMILCHPULVER (20 %), Kakaobutter¹, Kakaomasse¹, HASELNUSSMASSE, Emulgator: Lecithine (SOJA). Kann Spuren von ERDNÜSSEN, anderen SCHALENFRÜCHTEN, GLUTENHALTIGEM GETREIDE und EI enthalten. ¹Rainforest Alliance Certified.",2282,547,32,20,54,53,"8,2","0,18",https://www.edeka24.de/Lebensmittel/Suess-Salzig/Tafelschokolade/Ritter-Sport-Alpenmilch-250G.html,https://www.edeka24.de/out/pictures/generated/product/1/540_540_90/alpenmilch.jpg
3131,Lebensmittel,Süß & Salzig,Tafelschokolade,Milka Trauben Nuss Schokolade 100G,"1,39 €","13,90 €/kg","inkl. MwSt., zzgl. 4.95 € Versandkosten.",lieferbar innerhalb von 2-5 Werktagen,2023-05-03 01:49:38.412805,Alpenmilch Schokolade mit Rosinen und Haselnüssen. .,Hinweis zur Aufbewahrung: Trocken lagern und vor Wärme schützen.,"Verantwortliches Lebensmittelunternehmen:
Mondelez Deutschland, D-28078 Bremen","Zutatenverzeichnis: Zucker, Rosinen 19%, Kakaobutter, Kakaomasse, MAGERMILCHPULVER, Süssmolkenpulver (aus MILCH), HASELNUSSSTÜCKCHEN 5%, BUTTERREINFETT, Emulgator (SOJALECITHINE), HASELNUSSMASSE, Aroma. Kakao: 33% mindestens in der Alpenmilch Schokolade. Kann enthalten: andere NÜSSE und WEIZEN.",2125,508,28,15,57,53,"6,2","0,22",https://www.edeka24.de/Lebensmittel/Suess-Salzig/Tafelschokolade/Milka-Trauben-Nuss-Schokolade-100G.html,https://www.edeka24.de/out/pictures/generated/product/1/540_540_90/milka_trauben_nuss_schokolade_100g.jpg
3132,Lebensmittel,Süß & Salzig,Tafelschokolade,EDEKA Dunkle Magie 72% 100G,"1,39 €","13,90 €/kg","inkl. MwSt., zzgl. 4.95 € Versandkosten.",lieferbar innerhalb von 2-5 Werktagen,2023-05-03 01:49:41.324383,"Edelzartbitterschokolade, Kakao: 72% mindestens","Hinweis zur Aufbewahrung: Vor Wärme geschützt, trocken und geruchsneutral lagern.","Verantwortliches Lebensmittelunternehmen:
EDEKA ZENTRALE Stiftung & Co. KG, 22291 Hamburg","Zutatenverzeichnis: Kakaomasse, Zucker, Kakaobutter, Kakaopulver, Emulgator: Lecithine, natürliches Aroma. Das Produkt kann Spuren von MILCH, SCHALENFRÜCHTEN und SOJA enthalten.",2378,574,"43,6","26,3","31,6","27,1",8,"0,02",https://www.edeka24.de/Lebensmittel/Suess-Salzig/Tafelschokolade/EDEKA-Dunkle-Magie-72-100G.html,https://www.edeka24.de/out/pictures/generated/product/1/540_540_90/edeka_schweizer_zartbitter_schokolade_72_100g.jpg
3133,Lebensmittel,Süß & Salzig,Tafelschokolade,Schogetten Edel-Zartbitter 100G,"1,39 €","13,90 €/kg","inkl. MwSt., zzgl. 4.95 € Versandkosten.",lieferbar innerhalb von 2-5 Werktagen,2023-05-03 01:49:43.879684,Zartbitterschokolade,Hinweis zur Aufbewahrung: Bitte vor Wärme und Feuchtigkeit schützen.,"Verantwortliches Lebensmittelunternehmen:
Ludwig Schokolade GmbH & Co. KG, Postfach 2015, 66720 Saarlouis, Deutschland","Zutatenverzeichnis: Zucker, Kakaomasse, Kakaobutter, BUTTERREINFETT (MILCH), Emulgator (SOJALECITHINE), Vanilleextrakt. Kakao: 50% mindestens. Kann Spuren von ERDNÜSSEN, SCHALENFRÜCHTEN, GLUTEN und EI enthalten.",527,2198,31,19,52,47,"5,7","0,03",https://www.edeka24.de/Lebensmittel/Suess-Salzig/Tafelschokolade/Schogetten-Edel-Zartbitter-100G.html,https://www.edeka24.de/out/pictures/generated/product/1/540_540_90/trschogetten_halbbitter_100g.jpg
3134,Lebensmittel,Süß & Salzig,Tafelschokolade,Veganz Bio Rice Choc Waffel-Crunch 80G,"2,29 €","28,63 €/kg","inkl. MwSt., zzgl. 4.95 € Versandkosten.",lieferbar innerhalb von 2-5 Werktagen,2023-05-03 01:49:46.592049,Bio Schokoladenkuvertüre mit Reispulver und Waffelstückchen. Kakao: 40% mindestens in der Schokoladenkuvertüre.,Hinweis zur Aufbewahrung: Trocken lagern und vor Wärme schützen.,"Verantwortliches Lebensmittelunternehmen:
Veganz Group AG, Warschauer Str. 32, 10243 Berlin","Zutatenverzeichnis: Rohrohrzucker*, Kakaobutter*, Kakaomasse*, Reisdrinkpulver* (4%) (Reis*, Sonnenblumenöl*, Salz), Waffelstückchen* (7 %) (WEIZENMEHL*, Emulgator: SOJALECITHIN*; Sonnenblumenöl*, Salz), HASELNUSSMARK*, Vanilleextrakt*.Kann Spuren von MILCH, anderem GLUTENHALTIGEN GETREIDE und anderen SCHALENFRÜCHTEN enthalten. *aus kontrolliert biologischem Anbau",2236,537,34,21,52,42,"2,9","0,02",https://www.edeka24.de/Lebensmittel/Suess-Salzig/Tafelschokolade/Veganz-Bio-Rice-Choc-Waffel-Crunch-80G.html,https://www.edeka24.de/out/pictures/generated/product/1/540_540_90/veganzwaffel-crunch2.jpg
3135,Lebensmittel,Süß & Salzig,Tafelschokolade,Merci Tafel Edel-Rahm 100G,"2,19 €","21,90 €/kg","inkl. MwSt., zzgl. 4.95 € Versandkosten.",lieferbar innerhalb von 2-5 Werktagen (geringer Lagerbestand),2023-05-03 01:49:49.736229,Edel-Sahneschokolade,,"Verantwortliches Lebensmittelunternehmen:
August Storck KG, D-13403 Berlin","Zutatenverzeichnis: Zutaten: Zucker, Kakaobutter, VOLLMILCHPULVER (23,5%), Kakaomasse, BUTTERREINFETT, Emulgator Lecithine (SOJA), Vanilleextrakt. Kakao: 32% mindestens im Schokoladenanteil. Kann auch Anteile von HASELNUSS, MANDEL, ERDNUSS und anderen NÜSSEN enthalten.",2406,578,"38,2","23,8","50,6","49,8","7,1","0,22",https://www.edeka24.de/Lebensmittel/Suess-Salzig/Tafelschokolade/Merci-Tafel-Edel-Rahm-100G.html,https://www.edeka24.de/out/pictures/generated/product/1/540_540_90/merciedel-rahm.jpg
3136,Lebensmittel,Süß & Salzig,Tafelschokolade,Ragusa Blond Caramélisé 100G,"2,99 €","29,90 €/kg","inkl. MwSt., zzgl. 4.95 € Versandkosten.",lieferbar innerhalb von 2-5 Werktagen,2023-05-03 01:49:52.776661,Riegel aus weisser Schokolade mit karamellisiertem Milchpulver Praliné-Füllung und ganzen Haselnüssen.,Hinweis zur Aufbewahrung: Kühl und trocken lagern.,"Verantwortliches Lebensmittelunternehmen:
CB Import GmbH, 79238 Ehrenkirchen","Zutatenverzeichnis: Zucker, HASELNÜSSE (davon 9% ganze), karamellisiertes MILCHPULVER 20% (VOLLMILCHPULVER, karamellisierter Zucker 3%), Kakaobutter, Kokosfett, SOJAMEHL, Kakaomasse, Emulgator: Rapslecithin, Vanilleextrakt. Kann Spuren von MANDELN enthalten. Weisse Schokolade 33%, Pralinen-Füllung 58%. Weisse Schokolade: mindestens 23% Kakao.",2437,582,38,16,51,48,8,"0,01",https://www.edeka24.de/Lebensmittel/Suess-Salzig/Tafelschokolade/Ragusa-Blond-Caram-lis-100G.html,https://www.edeka24.de/out/pictures/generated/product/1/540_540_90/ragusa_blond_caramelise_mit_ganzen_haselnamp252ssen_100g.jpg
3137,Lebensmittel,Süß & Salzig,Tafelschokolade,Alnatura Bio Weiße Crisp Schokolade 100G,"1,79 €","17,90 €/kg","inkl. MwSt., zzgl. 4.95 € Versandkosten.",lieferbar innerhalb von 2-5 Werktagen,2023-05-03 01:49:55.635604,Bio Weiße Schokolade mit Knusperreis,"Hinweis zur Aufbewahrung: Trocken lagern, vor Wärme schützen.","Verantwortliches Lebensmittelunternehmen:
Alnatura Produktions- und Handels GmbH, Mahatma-Gandhi-Str. 7, 64295 Darmstadt","Zutatenverzeichnis: Rohrohrzucker*, Kakaobutter*, VOLLMILCHPULVER*, Reismehl* extrudiert 5 % (Reismehl*, GERSTENMALZMEHL*, Meersalz), MAGERMILCHJOGHURTPULVER*, Bourbonvanilleextrakt*. Kann Spuren von MANDEL, HASELNUSS, PECANUSS und PISTAZIE enthalten. *aus biologischer Landwirtschaft",2364,567,36,23,53,49,"7,7","0,27",https://www.edeka24.de/Lebensmittel/Suess-Salzig/Tafelschokolade/Alnatura-Bio-Weisse-Crisp-Schokolade-100G.html,https://www.edeka24.de/out/pictures/generated/product/1/540_540_90/bio_alnatura_weiamp223ecrispschokolade_100g.jpg
3138,Lebensmittel,Süß & Salzig,Tafelschokolade,Ritter Sport Nuss Klasse Dunkle Voll-Nuss 100G,"1,59 €","15,90 €/kg","inkl. MwSt., zzgl. 4.95 € Versandkosten.",lieferbar innerhalb von 2-5 Werktagen,2023-05-03 01:49:58.903020,Halbbitter-Schokolade mit ganzen Haselnüssen (25%). Kakao: 50% mindestens im Schokoladenanteil.,Hinweis zur Aufbewahrung: Vor Wärme und Feuchtigkeit schützen.,"Verantwortliches Lebensmittelunternehmen:
Alfred Ritter GmbH & Co. KG, 71111 Waldenbuch","Zutatenverzeichnis: Zucker, Kakaomasse¹, HASELNÜSSE, Kakaobutter¹, BUTTERREINFETT,Emulgator: Lecithine (SOJA). Kann Spuren von ERDNÜSSEN, anderen SCHALENFRÜCHTEN, GLUTENHALTIGEM GETREIDE, anderen MILCHPRODUKTEN und EI enthalten. ¹Rainforest Alliance Certified.",2395,577,41,16,39,37,"8,4","0,01",https://www.edeka24.de/Lebensmittel/Suess-Salzig/Tafelschokolade/Ritter-Sport-Nuss-Klasse-Dunkle-Voll-Nuss-100G.html,https://www.edeka24.de/out/pictures/generated/product/1/540_540_90/rsdunklevn.jpg
3139,Lebensmittel,Süß & Salzig,Tafelschokolade,Sarotti Fair Ecuador 70% 100G,"2,39 €","23,90 €/kg","inkl. MwSt., zzgl. 4.95 € Versandkosten.",lieferbar innerhalb von 2-5 Werktagen,2023-05-03 01:50:01.434522,Edelbitterschokolade (Kakao: 70% mindestens),Hinweis zur Aufbewahrung: Kühl und trocken lagern.,"Verantwortliches Lebensmittelunternehmen:
Sarotti GmbH, Motzener Straße 32, 12277 Berlin","Zutatenverzeichnis: Kakaomasse*,1, Zucker, Kakaobutter*, Emulgator: Lecithine (SOJA), Bourbon-Vanilleextrakt. Kann HASELNÜSSE, andere SCHALENFRÜCHTE, ERDNÜSSE, GLUTEN und MILCH enthalten. *Rainforest Alliance zertifiziert.",2544,615,50,32,29,25,"6,4","0,01",https://www.edeka24.de/Lebensmittel/Suess-Salzig/Tafelschokolade/Sarotti-Fair-Ecuador-70-100G.html,https://www.edeka24.de/out/pictures/generated/product/1/540_540_90/sarottifair_ecuador_70_100g.jpg
3140,Lebensmittel,Süß & Salzig,Tafelschokolade,Toblerone 200G,"3,99 €","19,95 €/kg","inkl. MwSt., zzgl. 4.95 € Versandkosten.",lieferbar innerhalb von 2-5 Werktagen,2023-05-03 01:50:04.111907,Schweizer Milchschokolade mit Honig- und Mandel-Torrone (10%).,Hinweis zur Aufbewahrung: Trocken lagern und vor Wärme schützen.,"Verantwortliches Lebensmittelunternehmen:
Mondelez Deutschland, D-28078 Bremen","Zutatenverzeichnis: Zucker, VOLLMILCHPULVER, Kakaobutter, Kakaomasse, Honig (3,0%), BUTTERREINFETT, MANDELN (1,6%), Emulgator (SOJALECITHIN), EIKLAR, Aroma. Kakao: 28% mindestens in der Milchschokolade..",2209,529,29,17,61,60,"5,6","0,12",https://www.edeka24.de/Lebensmittel/Suess-Salzig/Tafelschokolade/Toblerone-200G.html,https://www.edeka24.de/out/pictures/generated/product/1/540_540_90/toblerone_200g.jpg
3141,Lebensmittel,Süß & Salzig,Tafelschokolade,Nestle Die Weisse 100G,"1,39 €","13,90 €/kg","inkl. MwSt., zzgl. 4.95 € Versandkosten.",lieferbar innerhalb von 2-5 Werktagen,2023-05-03 01:50:07.021067,Weisse Schokolade,Hinweis zur Aufbewahrung: Trocken lagern. Vor Wärme schützen.,"Verantwortliches Lebensmittelunternehmen:
Nestlé Deutschland AG, 60523 Frankfurt am Main","Zutatenverzeichnis: Zucker, Kakaobutter*, MAGERMILCHPULVER, SÜSSMOLKENPULVER, BUTTERREINFETT, Emulgator Lecithine, natürliches Vanillearoma. Kann enthalten: EIER, GLUTENHALTIGE GETREIDE und NÜSSE. *Rainforest Alliance Certified.",2318,555,"32,7","19,9","59,6","59,6","5,4","0,24",https://www.edeka24.de/Lebensmittel/Suess-Salzig/Tafelschokolade/Nestle-Die-Weisse-100G.html,https://www.edeka24.de/out/pictures/generated/product/1/540_540_90/nestle_tafelschokolade_die_weisse.jpg
3142,Lebensmittel,Süß & Salzig,Tafelschokolade,Ritter Sport Schokowürfel Schoko Gruss 176G,"2,89 €","16,42 €/kg","inkl. MwSt., zzgl. 4.95 € Versandkosten.",lieferbar innerhalb von 2-5 Werktagen,2023-05-03 01:50:10.074039,Kakao: 30% mindestens in der Vollmilchschokolade.,Hinweis zur Aufbewahrung: Vor Wärme und Feuchtigkeit schützen.,"Verantwortliches Lebensmittelunternehmen:
Alfred Ritter GmbH & Co. KG, 71111 Waldenbuch","Zutatenverzeichnis: Zucker, Kakaobutter¹, Kakaomasse¹, Palmfett*, VollMILCHPULVER, HASELNUSSMASSE, MAGERMILCHPULVER, LAKTOSE, HASELNÜSSE, BUTTERREINFETT, Glukose-Fruktose-Sirup, BUTTER, SüßMOLKE, Maltodextrin, WEIZENMEHL, HASELNÜSSE (gehackt), Emulgator: Lecithine (SOJA), gezuckerte KONDENSMILCH, MAGERMILCH, SAHNE, Kokosöl, Reis, WEIZENMALZ, Salz, WEIZENSTÄRKE, GERSTENMALZEXTRAKT. *zertifiziert nachhaltig. Kann Spuren von ERDNÜSSEN, anderen SCHALENFRÜCHTEN und EI enthalten. ¹Rainforest Alliance Certified",2339,561,36,18,52,48,"6,6","0,31",https://www.edeka24.de/Lebensmittel/Suess-Salzig/Tafelschokolade/Ritter-Sport-Schokowuerfel-Schoko-Gruss-176G.html,https://www.edeka24.de/out/pictures/generated/product/1/540_540_90/rsswschokogruss.jpg
3143,Lebensmittel,Süß & Salzig,Tafelschokolade,EDEKA Bio Vollmilchschokolade 39% Fairtrade 100G,"1,59 €","15,90 €/kg","inkl. MwSt., zzgl. 4.95 € Versandkosten.",lieferbar innerhalb von 2-5 Werktagen,2023-05-03 01:50:13.009516,"Bio-Vollmilchschokolade, Kakao: 39% mindestens",Hinweis zur Aufbewahrung: Vor Wärme geschützt und trocken lagern.,"Verantwortliches Lebensmittelunternehmen:
EDEKA Zentrale Stiftung & Co. KG, 22291 Hamburg","Zutatenverzeichnis: Rohzucker**, Kakaobutter**, VOLLMILCHPULVER**, Kakaomasse**. Das Produkt kann Spuren von SOJA und SCHALENFRÜCHTEN enthalten. **aus kontrolliert ökologischer Landwirtschaft",2428,583,"39,2","24,1","49,7","48,4","6,8","0,18",https://www.edeka24.de/Lebensmittel/Suess-Salzig/Tafelschokolade/EDEKA-Bio-Vollmilchschokolade-39-Fairtrade-100G.html,https://www.edeka24.de/out/pictures/generated/product/1/540_540_90/bio_edeka_vollmilchschokolade_39_fairtrade_100g.jpg
3144,Lebensmittel,Süß & Salzig,Tafelschokolade,Ragusa Noir 100G,"2,99 €","29,90 €/kg","inkl. MwSt., zzgl. 4.95 € Versandkosten.",lieferbar innerhalb von 2-5 Werktagen,2023-05-03 01:50:15.636428,Dunkle Schokolade-Riegel mit Praliné-Füllung und ganzen Haselnüssen,Hinweis zur Aufbewahrung: Kühl und trocken lagern.,"Verantwortliches Lebensmittelunternehmen:
CB Import GmbH, 79238 Ehrenkirchen","Zutatenverzeichnis: Zucker, HASELNÜSSE (davon 11% ganze), Kakaomasse, Kokosfett, VOLLMILCHPULVER, Kakaopulver, SOJAMEHL, Kakaobutter, BUTTERREINFETT, Emulgator: Rapslecithin, Vanilleextrakt. Kann Spuren von MANDELN enthalten. Schokolade 20%, Pralinen-Füllung 69%. Schokolade: mindestens 60% Kakao.",2047,489,39,16,49,40,9,"0,05",https://www.edeka24.de/Lebensmittel/Suess-Salzig/Tafelschokolade/Ragusa-Noir-100G.html,https://www.edeka24.de/out/pictures/generated/product/1/540_540_90/ragusa_noir_mit_pralinefamp252llungampampganzen_haselnamp252ssen_100g.jpg
3145,Lebensmittel,Süß & Salzig,Tafelschokolade,Ragusa Classique 100G,"2,99 €","29,90 €/kg","inkl. MwSt., zzgl. 4.95 € Versandkosten.",lieferbar innerhalb von 2-5 Werktagen,2023-05-03 01:50:18.041948,Schokolade-Riegel mit Praliné-Füllung und ganzen Haselnüssen,Hinweis zur Aufbewahrung: Kühl und trocken lagern.,"Verantwortliches Lebensmittelunternehmen:
CB Import GmbH, 79238 Ehrenkirchen","Zutatenverzeichnis: Zucker, HASELNÜSSE (davon 11% ganze), Kakaomasse, Kakaobutter, Kokosfett, VOLLMILCHPULVER, SOJAMEHL, BUTTERREINFETT, MAGERMILCHPULVER, Emulgator: Rapslecithin, Vanilleextrakt. Kann Spuren von MANDELN enthalten. Schokolade 19%, Pralinen-Füllung 70%. Schokolade: mindestens 47% Kakao",2449,585,37,15,54,49,7,"0,01",https://www.edeka24.de/Lebensmittel/Suess-Salzig/Tafelschokolade/Ragusa-Classique-100G.html,https://www.edeka24.de/out/pictures/generated/product/1/540_540_90/ragusa_classique_mit_pralinefamp252llungampampganzen_haselnamp252ssen_100g.jpg
3146,Lebensmittel,Süß & Salzig,Tafelschokolade,Ritter Sport Knusperflakes 250G,"2,69 €","10,76 €/kg","inkl. MwSt., zzgl. 4.95 € Versandkosten.",lieferbar innerhalb von 2-5 Werktagen,2023-05-03 01:50:20.722387,Vollmilchschokolade mit Cornflakes (12%). Kakao: 30% mindestens im Schokoladenanteil.,Hinweis zur Aufbewahrung: Vor Wärme und Feuchtigkeit schützen.,"Verantwortliches Lebensmittelunternehmen:
Alfred Ritter GmbH & Co. KG, 71111 Waldenbuch","Zutatenverzeichnis: Zucker, Kakaobutter¹, Kakaomasse¹, Mais (11 %), VOLLMILCHPULVER, LAKTOSE, MAGERMILCHPULVER, BUTTERREINFETT, Emulgator: Lecithine (SOJA), Salz, GERSTENMALZEXTRAKT. Kann Spuren von ERDNÜSSEN, SCHALENFRÜCHTEN und EI enthalten. ¹Rainforest Alliance Certified.",2173,520,27,16,60,50,"6,5","0,43",https://www.edeka24.de/Lebensmittel/Suess-Salzig/Tafelschokolade/Ritter-Sport-Knusperflakes-250G-oxid.html,https://www.edeka24.de/out/pictures/generated/product/1/540_540_90/ritter_sport_knusperflakes_tafel_250g.jpg
3147,Lebensmittel,Süß & Salzig,Tafelschokolade,Sarotti Fair Ecuador 60% 100G,"2,39 €","23,90 €/kg","inkl. MwSt., zzgl. 4.95 € Versandkosten.",lieferbar innerhalb von 2-5 Werktagen,2023-05-03 01:50:23.615727,Edelbitterschokolade (Kakao: 60% mindestens),Hinweis zur Aufbewahrung: Kühl und trocken lagern.,"Verantwortliches Lebensmittelunternehmen:
Sarotti GmbH, Motzener Straße 32, 12277 Berlin","Zutatenverzeichnis: Kakaomasse*, Zucker, Kakaobutter*, Emulgator: Lecithine (SOJA), Bourbon-Vanilleextrakt. Kann HASELNÜSSE, andere SCHALENFRÜCHTE, ERDNÜSSE, GLUTEN und MILCH enthalten. *Rainforest Alliance zertifiziert.",585,2429,43,27,39,36,"5,3","0,01",https://www.edeka24.de/Lebensmittel/Suess-Salzig/Tafelschokolade/Sarotti-Fair-Ecuador-60-100G.html,https://www.edeka24.de/out/pictures/generated/product/1/540_540_90/sarottifair_ecuador_60_100g.jpg
3148,Lebensmittel,Süß & Salzig,Tafelschokolade,Milka Darkmilk Himbeer 85G,"1,49 €","17,53 €/kg","inkl. MwSt., zzgl. 4.95 € Versandkosten.",lieferbar innerhalb von 2-5 Werktagen,2023-05-03 01:50:26.614547,-,,"Verantwortliches Lebensmittelunternehmen:
Mondelez Deutschland GmbH, D-28078 Bremen","Zutatenverzeichnis: Zucker, Kakaomasse, MAGERMILCHPULVER (11%), Kakaobutter, BUTTERREINFETT (5%), gefriergetrocknete Himbeerstückchen, Emulgator (SOJALECITHINE), natürliches Vanillearoma. Kakao: 46% mindestens in der dunklen Schokolade. KANN NÜSSE ENTHALTEN.",2219,532,32,19,50,49,"7,3","0,11",https://www.edeka24.de/Lebensmittel/Suess-Salzig/Tafelschokolade/Milka-Darkmilk-Himbeer-85G.html,https://www.edeka24.de/out/pictures/generated/product/1/540_540_90/milka_darkmilk_himbeer_85g(1).jpg
3149,Lebensmittel,Süß & Salzig,Tafelschokolade,Ritter Sport Knusper Nuss 250G,"2,69 €","10,76 €/kg","inkl. MwSt., zzgl. 4.95 € Versandkosten.",lieferbar innerhalb von 2-5 Werktagen,2023-05-03 01:50:29.468741,Vollmilchschokolade mit ganzen Haselnüssen (15%) und Cornflakes (5%). Kakao: 30% mindestens im Schokoladenanteil.,Hinweis zur Aufbewahrung: Vor Wärme und Feuchtigkeit schützen.,"Verantwortliches Lebensmittelunternehmen:
Alfred Ritter GmbH & Co. KG, 71111 Waldenbuch","Zutatenverzeichnis: Zucker, HASELNÜSSE, Kakaobutter¹, Kakaomasse¹, VOLLMILCHPULVER, LAKTOSE, Mais, MAGERMILCHPULVER, BUTTERREINFETT, Emulgator: Lecithine (SOJA), Salz, GERSTENMALZEXTRAKT. Kann Spuren von ERDNÜSSEN, anderen SCHALENFRÜCHTEN und EI enthalten. ¹Rainforest Alliance Certified.",2299,551,34,16,51,46,"7,9","0,26",https://www.edeka24.de/Lebensmittel/Suess-Salzig/Tafelschokolade/Ritter-Sport-Knusper-Nuss-250G.html,https://www.edeka24.de/out/pictures/generated/product/1/540_540_90/rsknusper-nuss250.jpg
3150,Lebensmittel,Süß & Salzig,Tafelschokolade,Schogetten Edel-Alpenvollmilch-Haselnuss 100G,"1,39 €","13,90 €/kg","inkl. MwSt., zzgl. 4.95 € Versandkosten.",lieferbar innerhalb von 2-5 Werktagen,2023-05-03 01:50:32.064579,Edel-Alpenvollmilchschokolade mit gerösteten Haselnüssen.,Hinweis zur Aufbewahrung: Bitte vor Wärme und Feuchtigkeit schützen.,"Verantwortliches Lebensmittelunternehmen:
Ludwig Schokolade GmbH & Co. KG, Postfach 2015, 66720 Saarlouis, Deutschland","Zutatenverzeichnis: Zucker, Kakaobutter, SAHNEPULVER, HASELNÜSSE (10%), Kakaomasse, VOLLMILCHPULVER, BUTTERREINFETT, Emulgator (SOJALECITHINE), natürliches Vanillearoma. Edel-Alpenvollmilchschokolade: Kakao: 30% mindestens. Kann Spuren von ERDNÜSSEN, anderen SCHALENFRÜCHTEN, GLUTEN und EI enthalten.",2392,574,38,20,51,50,"5,9","0,13",https://www.edeka24.de/Lebensmittel/Suess-Salzig/Tafelschokolade/Schogetten-Edel-Alpenvollmilch-Haselnuss-100G.html,https://www.edeka24.de/out/pictures/generated/product/1/540_540_90/schogetten_vollmilchnuss_100_g.jpg
3151,Lebensmittel,Süß & Salzig,Tafelschokolade,Tony's Chocolonely Zartbitterschokolade 51% Mandel Meersalz 180G,"3,49 €","19,39 €/kg","inkl. MwSt., zzgl. 4.95 € Versandkosten.",lieferbar innerhalb von 2-5 Werktagen,2023-05-03 01:50:34.536397,Fairtrade-Zartbitterschokolade mit Mandeln und Meersalz. Kakao: 51% mindestens.,Hinweis zur Aufbewahrung: Dunkel und trocken bei Raumtemperatur lagern und vor Wärme schützen.,"Verantwortliches Lebensmittelunternehmen:
Tony's Chocolonely, Polonceaukade 20, 1014 DA Amsterdam","Zutatenverzeichnis: Kakaomasse, Zucker, 10% MANDELN, Kakaobutter,0.5% Meersalz, Emulgator (SOJALECITHIN), Kann Spuren von GLUTENHALTIGES GETREIDE, EI, ERDNUSS, MILCH und NÜSSEN enthalten.",2252,539,35,18,44,42,"7,4","0,51",https://www.edeka24.de/Lebensmittel/Suess-Salzig/Tafelschokolade/Tony-s-Chocolonely-Zartbitterschokolade-51-Mandel-Meersalz-180G.html,https://www.edeka24.de/out/pictures/generated/product/1/540_540_90/tony039s_chocolonely_zartbitterschokolade_51_mandel_meersalz_180g.jpg
3152,Lebensmittel,Süß & Salzig,Chips & Knabbereien,Lorenz Erdnuß Locken Classic 175G,"2,29 €","13,09 €/kg","inkl. MwSt., zzgl. 4.95 € Versandkosten.",lieferbar innerhalb von 2-5 Werktagen,2023-05-03 01:50:37.310101,Mais-Snack mit frisch gemahlenen Erdnüssen.,Hinweis zur Aufbewahrung: Trocken lagern. Vor Wärme schützen.,"Verantwortliches Lebensmittelunternehmen:
The Lorenz Bahlsen Snack-World GmbH & Co. KG, Rathenaustr. 54, 63263 Neu-Isenburg","Zutatenverzeichnis: Maisgrieß, geröstete ERDNUSSKERNE (33 %), pflanzliche Öle (Sonnenblume, Raps in veränderlichen Gewichtsanteilen), Speisesalz, Tomatenpulver, Dextrose, Aroma, Hefeextrakt, Antioxidationsmittel: stark tocopherolhaltige Extrakte. Kann GLUTEN und MILCH enthalten.",2086,499,25,3,52,"2,3",14,2,https://www.edeka24.de/Lebensmittel/Suess-Salzig/Chips-Knabbereien/Lorenz-Erdnuss-Locken-Classic-175G.html,https://www.edeka24.de/out/pictures/generated/product/1/540_540_90/erdnuamp223locken_classic_175g.jpg
3153,Lebensmittel,Süß & Salzig,Chips & Knabbereien,Lorenz Saltletts Sticks 250G,"2,29 €","9,16 €/kg","inkl. MwSt., zzgl. 4.95 € Versandkosten.",lieferbar innerhalb von 2-5 Werktagen,2023-05-03 01:50:40.123225,Laugengebäck,Hinweis zur Aufbewahrung: Trocken lagern. Vor Licht und Wärme schützen.,"Verantwortliches Lebensmittelunternehmen:
The Lorenz Bahlsen Snack-World GmbH & Co KG Germany, Rathenaustr. 54, D-63263 Neu-Isenburg","Zutatenverzeichnis: WEIZENMEHL, Palmöl, Salz, Meersalz (1,3%), GERSTENMALZEXTRAKT, Hefe, Säureregulator: Natriumhydroxid. Kann auch SESAMSAMEN enthalten.",1656,392,"5,9","0,8",71,"3,4",12,"4,5",https://www.edeka24.de/Lebensmittel/Suess-Salzig/Chips-Knabbereien/Lorenz-Saltletts-Sticks-250G.html,https://www.edeka24.de/out/pictures/generated/product/1/540_540_90/lorenz_saltletts_classic.jpg
3154,Lebensmittel,Süß & Salzig,Chips & Knabbereien,Funny-Frisch Chipsfrisch Ungarisch 150G,"2,29 €","15,27 €/kg","inkl. MwSt., zzgl. 4.95 € Versandkosten.",lieferbar innerhalb von 2-5 Werktagen,2023-05-03 01:50:43.141404,Kartoffelchips mit rauchigem Paprika-Geschmack.,,"Verantwortliches Lebensmittelunternehmen:
Intersnack Deutschland SE, Erna-Scheffler-Str. 3, 51103 Köln","Zutatenverzeichnis: Kartoffeln, pflanzliche Öle (Sonnenblume, Raps in veränderlichen Gewichtsanteilen), Speisesalz, Hefe, Paprikapulver, Zucker, Aroma, Zwiebelpulver, Hefeextrakt, Raucharoma, Knoblauchpulver, Farbstoff (Paprikaextrakt), Gewürzextrakte.",2223,533,33,3,49,"2,5",6,"1,5",https://www.edeka24.de/Lebensmittel/Suess-Salzig/Chips-Knabbereien/Funny-Frisch-Chipsfrisch-Ungarisch-150G.html,https://www.edeka24.de/out/pictures/generated/product/1/540_540_90/funnyfrisch_chipsfrisch_ungarisch_150g.jpg
3155,Lebensmittel,Süß & Salzig,Chips & Knabbereien,Chio Chips Red Paprika 150G,"1,99 €","13,27 €/kg","inkl. MwSt., zzgl. 4.95 € Versandkosten.",lieferbar innerhalb von 2-5 Werktagen,2023-05-03 01:50:45.859691,Kartoffelchips mit Paprikageschmack,,"Verantwortliches Lebensmittelunternehmen:
Intersnack Deutschland SE, Erna-Scheffler-Str. 3, 51103 Köln","Zutatenverzeichnis: Kartoffeln, pflanzliche Öle (Sonnenblume, Raps in veränderlichen Gewichtsanteilen), Speisesalz, Paprikapulver, Zucker, natürliches Aroma, Zwiebelpulver, Hefeextrakt, Knoblauchpulver, Hefe, Farbstoff (Paprikaextrakt), Säuerungsmittel (Citronensäure).",2212,530,33,3,50,"2,7",6,"1,5",https://www.edeka24.de/Lebensmittel/Suess-Salzig/Chips-Knabbereien/Chio-Chips-Red-Paprika-150G.html,https://www.edeka24.de/out/pictures/generated/product/1/540_540_90/chio_chips_red_paprika_150g.jpg
3156,Lebensmittel,Süß & Salzig,Chips & Knabbereien,Funny Frisch Paprika Ecken 75G,"1,99 €","26,53 €/kg","inkl. MwSt., zzgl. 4.95 € Versandkosten.",lieferbar innerhalb von 2-5 Werktagen,2023-05-03 01:50:48.704592,Mais-Snack mit Paprika-Geschmack,Hinweis zur Aufbewahrung: Vor Licht und Feuchtigkeit schützen.,"Verantwortliches Lebensmittelunternehmen:
Intersnack, Postfach 910460, 51074 Köln","Zutatenverzeichnis: Maisgrieß (50%), Sonnenblumenöl, Kartoffelpulver, WEIZENGRIESS, Aroma, Speisesalz, Paprikapulver, geräucherte Dextrose, Emulgator (Mono- und Diglyceride von Speisefettsäuren), Hefeextrakt, Farbstoff (Paprikaextrakt).",2173,520,29,"4,2",56,"2,9","7,4","1,9",https://www.edeka24.de/Lebensmittel/Suess-Salzig/Chips-Knabbereien/Funny-Frisch-Paprika-Ecken-75G.html,https://www.edeka24.de/out/pictures/generated/product/1/540_540_90/funny_frisch_paprika_ecken.jpg
3157,Lebensmittel,Süß & Salzig,Chips & Knabbereien,Funny Frisch Frit Sticks 100G,"1,99 €","19,90 €/kg","inkl. MwSt., zzgl. 4.95 € Versandkosten.",lieferbar innerhalb von 2-5 Werktagen,2023-05-03 01:50:51.969126,Kartoffelsticks,Hinweis zur Aufbewahrung: Vor Licht und Feuchtigkeit schützen.,"Verantwortliches Lebensmittelunternehmen:
Intersnack Knabber-Gebäck GmbH & Co.KG, Aachener Strasse 1042, D-50858 Köln","Zutatenverzeichnis: Kartoffeln, Sonnenblumenöl, Speisesalz, Aroma, Hefeextrakt (enthält GERSTE), Paprikapulver, Zucker, Zwiebelpulver, Knoblauchpulver, Farbstoff (Paprikaextrakt), Raucharoma, Gewürzextrakte.UnterSchutzatmosphäre verpackt.",2120,508,28,"2,6",54,2,"6,5","1,3",https://www.edeka24.de/Lebensmittel/Suess-Salzig/Chips-Knabbereien/Funny-Frisch-Frit-Sticks-100G.html,https://www.edeka24.de/out/pictures/generated/product/1/540_540_90/funny_frisch_frit_sticks.jpg
3158,Lebensmittel,Süß & Salzig,Chips & Knabbereien,Funny-Frisch Ofen Chips Paprika 125G,"2,29 €","18,32 €/kg","inkl. MwSt., zzgl. 4.95 € Versandkosten.",lieferbar innerhalb von 2-5 Werktagen,2023-05-03 01:50:55.281928,Kartoffelsnack mit Paprikageschmack,,"Verantwortliches Lebensmittelunternehmen:
Intersnack Deutschland SE, Erna-Scheffler-Str. 3, 51103 Köln","Zutatenverzeichnis: Kartoffelpulver (61%), Stärke, pflanzliche Öle (Sonnenblume, Raps in veränderlichen Gewichtsanteilen), Zucker, Speisesalz, Emulgator (Lecithine), Paprikapulver, Hefeextrakt, natürliches Aroma, Tomatenpulver, Balsamicoessigpulver (Traubenmostkonzentrat, Weinessig), Zwiebelpulver, Aprikosenpulver, Säureregulator (Calciumphosphate), GERSTENMALZESSIGPULVER, Backtriebmittel (Natriumhydrogencarbonat), Chilipulver, Knoblauchpulver, färbendes Lebensmittel (schwarzer Tee-Extrakt), Säuerungsmittel (Äpfelsäure), Farbstoff (Paprikaextrakt), Kräuter, Gewürze, GERSTENMALZESSIGEXTRAKT, Branntweinessigpulver.Kann Spuren von SESAM, MILCH und WEIZEN enthalten.",1709,405,"9,2","1,2",72,"7,3","6,1","1,6",https://www.edeka24.de/Lebensmittel/Suess-Salzig/Chips-Knabbereien/Funny-Frisch-Ofen-Chips-Paprika-125G.html,https://www.edeka24.de/out/pictures/generated/product/1/540_540_90/funnyfrisch_ofen_chips_paprika125g.jpg
3159,Lebensmittel,Süß & Salzig,Chips & Knabbereien,Huober Bio Schwäbische Knusper-Brezel 175G,"1,79 €","10,23 €/kg","inkl. MwSt., zzgl. 4.95 € Versandkosten.",lieferbar innerhalb von 2-5 Werktagen,2023-05-03 01:51:04.322160,Bio Laugengebäck,Hinweis zur Aufbewahrung: Kühl und trocken lagern.,"Verantwortliches Lebensmittelunternehmen:
HUOBER BREZEL GmbH & Co., Riedstr. 1, D-71729 Erdmannhausen","Zutatenverzeichnis: WEIZENMEHL* Type 550 (87%), Salz (5%), Palmfett*, Hefe, GERSTENMALZEXTRAKT*, Brezellauge (Natriumhydroxid). *Kontrolliert biologischer Anbau. Kann Spuren von SESAM enthalten.",1709,404,"6,5",3,"74,2",2,"11,2","5,5",https://www.edeka24.de/Lebensmittel/Suess-Salzig/Chips-Knabbereien/Huober-Bio-Schwaebische-Knusper-Brezel-175G.html,https://www.edeka24.de/out/pictures/generated/product/1/540_540_90/huober_bio_schwbische_knusperbrezel.jpg
3160,Lebensmittel,Süß & Salzig,Chips & Knabbereien,De Beukelaer Tuc Cracker Original 100 g,"1,59 €","15,90 €/kg","inkl. MwSt., zzgl. 4.95 € Versandkosten.",lieferbar innerhalb von 2-5 Werktagen,2023-05-03 01:51:07.068118,-,,"Verantwortliches Lebensmittelunternehmen:
Mondelez Deutschland, D-28078 Bremen","Zutatenverzeichnis: WEIZENMEHL, Palmfett, GERSTENMALZEXTRAKT, Glukosesirup, Backtriebmittel (Ammoniumhydrogencarbonat, Natriumhydrogencarbonat), EIER, Speisesalz, Aroma, Mehlbehandlungsmittel (NATRIUMSULFIT), Emulgator (Sonnenblumenlecithin). KANN MILCH, SOJA UND SESAMSAMEN ENTHALTEN.",2010,479,19,"1,9",67,"7,1","8,4","1,7",https://www.edeka24.de/Lebensmittel/Suess-Salzig/Chips-Knabbereien/De-Beukelaer-Tuc-Cracker-Original-100-g.html,https://www.edeka24.de/out/pictures/generated/product/1/540_540_90/de_beukelaer_tuc_cracker_original_100_g.jpg
3161,Lebensmittel,Süß & Salzig,Chips & Knabbereien,Lorenz Nic Nacs Original 110G,"2,29 €","20,82 €/kg","inkl. MwSt., zzgl. 4.95 € Versandkosten.",lieferbar innerhalb von 2-5 Werktagen,2023-05-03 01:51:10.862172,Erdnüsse in knuspriger Teighülle geröstet mit pikanter Würzung,Hinweis zur Aufbewahrung: Trocken lagern. Vor Wärme schützen.,"Verantwortliches Lebensmittelunternehmen:
The Lorenz Bahlsen Snack-World GmbH & Co. KG, Rathenaustr. 54, 63263 Neu-Isenburg","Zutatenverzeichnis: ERDNUSSKERNE (49%), Stärke, pflanzliche Öle (Sonnenblume, Raps), WEIZENMEHL, Zucker, Speisesalz, modifizierte Stärke, ganz gehärtetes Rapsfett, Aroma (enthält WEIZEN, Hefeextrakt), Raucharoma, Maltodextrin, SÜßMOLKENPULVER, Zwiebelpulver, hydrolysiertes SOJAEIWEIß, Backtriebmittel: Diphosphate, Natriumcarbonate; KÄSEPULVER, Gewürze, Paprikaextrakt. Kann SCHALENFRÜCHTE enthalten.",2259,543,35,"6,9",37,"7,1",17,2,https://www.edeka24.de/Lebensmittel/Suess-Salzig/Chips-Knabbereien/Lorenz-Nic-Nacs-Original-110G.html,https://www.edeka24.de/out/pictures/generated/product/1/540_540_90/nicnacs.jpg
3162,Lebensmittel,Süß & Salzig,Chips & Knabbereien,Chio Chips Ready Salted 150G,"1,99 €","13,27 €/kg","inkl. MwSt., zzgl. 4.95 € Versandkosten.",lieferbar innerhalb von 2-5 Werktagen,2023-05-03 01:51:15.198774,"Kartoffelchips, gesalzen",,"Verantwortliches Lebensmittelunternehmen:
Intersnack Deutschland SE, Erna-Scheffler-Str. 3, 51103 Köln","Zutatenverzeichnis: Kartoffeln, pflanzliche Öle (Sonnenblume, Raps in veränderlichen Gewichtsanteilen), Speisesalz.",2248,539,34,3,49,"0,6","5,6","1,4",https://www.edeka24.de/Lebensmittel/Suess-Salzig/Chips-Knabbereien/Chio-Chips-Ready-Salted-150G.html,https://www.edeka24.de/out/pictures/generated/product/1/540_540_90/chioreadysalted.jpg
3163,Lebensmittel,Süß & Salzig,Chips & Knabbereien,Funny Frisch Linsen Chips Paprika Style 90G,"2,29 €","25,44 €/kg","inkl. MwSt., zzgl. 4.95 € Versandkosten.",lieferbar innerhalb von 2-5 Werktagen,2023-05-03 01:51:18.390607,Knabbererzeugnis mit Linsenmehl und Paprikageschmack,,"Verantwortliches Lebensmittelunternehmen:
Intersnack Deutschland SE, Erna-Scheffler-Straße 3, 51103 Köln","Zutatenverzeichnis: Linsenmehl (37%), Reismehl, Sonnenblumenöl, Maismehl, Stärke, Zucker, Speisesalz, Zwiebelpulver, Trockenmilcherzeugnis aus SAUERRAHM, Kaliumchlorid, natürliches Aroma, Hefeextrakt, Paprikapulver, Gewürze, Knoblauchpulver.Kann Spuren von SOJA enthalten.",1900,453,18,2,57,"3,9",13,"1,6",https://www.edeka24.de/Lebensmittel/Suess-Salzig/Chips-Knabbereien/Funny-Frisch-Linsen-Chips-Paprika-Style-90G.html,https://www.edeka24.de/out/pictures/generated/product/1/540_540_90/funnyfrisch_linsen_chips_paprika_90g(1).jpg
3164,Lebensmittel,Süß & Salzig,Chips & Knabbereien,Lorenz Clubs Party Cracker 200G,"1,89 €","9,45 €/kg","inkl. MwSt., zzgl. 4.95 € Versandkosten.",lieferbar innerhalb von 2-5 Werktagen,2023-05-03 01:51:21.542094,Cracker gesalzen,Hinweis zur Aufbewahrung: Trocken lagern. Vor Wärme schützen.,"Verantwortliches Lebensmittelunternehmen:
The Lorenz Bahlsen Snack-World GmbH & Co KG Germany, Rathenaustr. 54, D-63263 Neu-Isenburg","Zutatenverzeichnis: WEIZENMEHL, Palmöl, pflanzliche Fette (Kokos, Palmkern), Zucker, GERSTENMALZEXTRAKT, Salz, Backtriebmittel: Ammoniumhydroge ncarbonat, Natriumhydrogencarbonat",2039,486,22,13,63,2,8,2,https://www.edeka24.de/Lebensmittel/Suess-Salzig/Chips-Knabbereien/Lorenz-Clubs-Party-Cracker-200G.html,https://www.edeka24.de/out/pictures/generated/product/1/540_540_90/lorenzpartyyclubbs.jpg
3165,Lebensmittel,Süß & Salzig,Chips & Knabbereien,De Beukelaer Tuc Cracker Paprika 100G,"1,59 €","15,90 €/kg","inkl. MwSt., zzgl. 4.95 € Versandkosten.",lieferbar innerhalb von 2-5 Werktagen,2023-05-03 01:51:27.316278,Kräcker mit Paprika.,,"Verantwortliches Lebensmittelunternehmen:
Mondelez Deutschland, D-28078 Bremen","Zutatenverzeichnis: WEIZENMEHL, Palmfett, Glukosesirup, GERSTENMALZEXTRAKT, Backtriebmittel (Ammoniumhydrogencarbonat, Natriumhydrogencarbonat), EIER, Speisesalz, Gewürze (Paprikapulver 0,7%, Pfeffer) Geschmacksverstärker (Mononatriumglutamat), Zwiebel- und Knoblauchpulver, Aromen, Mehlbehandlungsmittel (NATRIUMSULFIT), Hefeextrakt, hydrolysiertes pflanzliches Eiweiß, Raucharoma, Emulgator (Sonnenblumenlecithin). Kann MILCH, SOJA und SESAMSAMEN enthalten.",495,2072,23,11,62,"6,4","7,8","2,88",https://www.edeka24.de/Lebensmittel/Suess-Salzig/Chips-Knabbereien/De-Beukelaer-Tuc-Cracker-Paprika-100G.html,https://www.edeka24.de/out/pictures/generated/product/1/540_540_90/de_beukelaer_tuc_cracker_paprika(1).jpg
3166,Lebensmittel,Süß & Salzig,Chips & Knabbereien,funny-frisch Kruspers Honig & Senf 120G,"2,29 €","19,08 €/kg","inkl. MwSt., zzgl. 4.95 € Versandkosten.",lieferbar innerhalb von 2-5 Werktagen,2023-05-03 01:51:32.110841,-,,"Verantwortliches Lebensmittelunternehmen:
Intersnack GmbH, D-51074 Köln","Zutatenverzeichnis: WEIZENMEHL, Sonnenblumenöl, Zucker, Speisesalz, Glukose-Fruktose-Sirup, GERSTENMALZEXTRAKT, natürliches Aroma (enthält SENF), Zwiebelpulver, Hefe, Gewürze, Honigpulverzubereitung (Maltodextrin, Honigpulver), Säuerungsmittel (Citronensäure), Emulgator (Sonnenblumenlecithine), Säureregulator (Natriumhydroxid).Kann Spuren von SESAM und MILCH enthalten.",2088,500,27,"2,7",55,"7,8","7,5","2,9",https://www.edeka24.de/Lebensmittel/Suess-Salzig/Chips-Knabbereien/funny-frisch-Kruspers-Honig-Senf-120G.html,https://www.edeka24.de/out/pictures/generated/product/1/540_540_90/ffkruspers.jpg
3167,Lebensmittel,Süß & Salzig,Chips & Knabbereien,Pringles Sour Cream & Onion 185G,"3,49 €","18,86 €/kg","inkl. MwSt., zzgl. 4.95 € Versandkosten.",lieferbar innerhalb von 2-5 Werktagen,2023-05-03 01:51:35.842009,Knabbergebäck mit Sauerrahm- und Zwiebelgeschmack,Hinweis zur Aufbewahrung: Kühl und trocken lagern.,"Verantwortliches Lebensmittelunternehmen:
Kellogg's Orange Tower, MediaCityUK, Salford, Greater Manchester, M50, 2HF, UK","Zutatenverzeichnis: Kartoffelpüreepulver, Sonnenblumenöl, WEIZENMEHL, Maismehl, Reismehl, Sauerrahm-Zwiebel-Würzmischung (Zwiebelpulver, WEIZENSTÄRKE, Maltodextrin, Geschmacksverstärker {Mononatriumglutamat, Dinatriumguanylat, Dinatriuminosinat}, Dextrose, Sonnenblumenöl, Speisesalz, Aromen {MILCH}, Zucker, Sauerrahmpulver {MILCH}, modifizierte Maisstärke, Süßmolkenpulver {MILCH}, Glucosesirup, Säuerungsmittel {Citronensäure, Milchsäure, Äpfelsäure}, MILCHEIWEIß), Maltodextrin, Emulgator (E471), Salz, Farbstoff (Annatto Norbixin).",2191,525,30,"2,8",56,"2,5",6,"1,3",https://www.edeka24.de/Lebensmittel/Suess-Salzig/Chips-Knabbereien/Pringles-Sour-Cream-Onion-185G.html,https://www.edeka24.de/out/pictures/generated/product/1/540_540_90/pringles_sour_creamampamponion_185g.jpg
3168,Lebensmittel,Süß & Salzig,Chips & Knabbereien,Alnatura Bio Demeter Vollkorn Brezeln 125G,"1,39 €","11,12 €/kg","inkl. MwSt., zzgl. 4.95 € Versandkosten.",lieferbar innerhalb von 2-5 Werktagen,2023-05-03 01:51:40.173314,Bio Laugengebäck,Hinweis zur Aufbewahrung: Bitte trocken lagern und vor Wärme schützen.,"Verantwortliches Lebensmittelunternehmen:
Alnatura GmbH, Mahatma-Gandhi-Straße 7, 64295 Darmstadt","Zutatenverzeichnis: WEIZENVOLLKORNMEHL* 81 %, WEIZENMEHL* Type 1050 (8 %), Palmfett**. Salz 3,4 %, GERSTENMALZEXTRAKT*, Hefe**, Säureregulator: Natriumhydroxid (Brezellauge) *aus Demeter-Landbau **aus biologischer Landwirtschaft . Kann Spuren von SESAM enthalten.",1648,391,7,3,66,"1,6",11,"3,3",https://www.edeka24.de/Lebensmittel/Suess-Salzig/Chips-Knabbereien/Alnatura-Bio-Demeter-Vollkorn-Brezeln-125G.html,https://www.edeka24.de/out/pictures/generated/product/1/540_540_90/demeter_alnatura_vollkorn_brezeln_125g.jpg
3169,Lebensmittel,Süß & Salzig,Chips & Knabbereien,Huober Bio Große Brezeln 10ST 200G,"3,29 €","16,45 €/kg","inkl. MwSt., zzgl. 4.95 € Versandkosten.",lieferbar innerhalb von 2-5 Werktagen,2023-05-03 01:51:44.383646,Salz-Brezeln,Hinweis zur Aufbewahrung: Kühl und trocken lagern.,"Verantwortliches Lebensmittelunternehmen:
Huober Brezel GmbH & Co., Riedstraße 1, 71729 Erdmannhausen","Zutatenverzeichnis: WEIZENMEHL* Type 550 (88%), Salz (5%), Palmfett*, Hefe, GERSTENMALZEXTRAKT*, Brezellauge (Natriumhydroxid). Kann Spuren von SESAM enthalten. *aus kontrolliert ökologischer Erzeugung",1650,391,"6,9",3,"69,8","1,7","10,2","6,2",https://www.edeka24.de/Lebensmittel/Suess-Salzig/Chips-Knabbereien/Huober-Bio-Grosse-Brezeln-10ST-200G.html,https://www.edeka24.de/out/pictures/generated/product/1/540_540_90/huober_bio_groe_brezeln_10st_200g.jpg
3170,Lebensmittel,Süß & Salzig,Chips & Knabbereien,Funny-Frisch Kruspers Cheese & Jalapeno Style 120G,"2,29 €","19,08 €/kg","inkl. MwSt., zzgl. 4.95 € Versandkosten.",lieferbar innerhalb von 2-5 Werktagen,2023-05-03 01:51:48.764090,Weizen-Kräcker mit Käse- und Jalapeno-Geschmack,,"Verantwortliches Lebensmittelunternehmen:
Intersnack GmbH, D-51074 Köln","Zutatenverzeichnis: WEIZENMEHL, Sonnenblumenöl, Speisesalz, Zucker, Glukose-Fruktose-Sirup, GERSTENMALZEXTRAKT, natürliches Aroma, KÄSEPULVER, Zwiebelpulver, Hefeextrakt, SÜSSMOLKENPULVER, Hefe, Jalapenopulver, Knoblauchpulver, Emulgator (Sonnenblumenlecithine), Gewürze, Säureregulator (Natriumhydroxid), Farbstoff (Paprikaextrakt), Säuerungsmittel (Essigsäure), Gewürzextrakt. Kann Spuren von SESAM enthalten.",2103,503,27,"2,9",55,"7,0","8,4","3,0",https://www.edeka24.de/Lebensmittel/Suess-Salzig/Chips-Knabbereien/Funny-Frisch-Kruspers-Cheese-Jalapeno-Style-120G.html,https://www.edeka24.de/out/pictures/generated/product/1/540_540_90/ffkrusperscheejala.jpg
3171,Lebensmittel,Süß & Salzig,Chips & Knabbereien,Funny-Frisch goldfischli Sesam 100G,"1,59 €","15,90 €/kg","inkl. MwSt., zzgl. 4.95 € Versandkosten.",lieferbar innerhalb von 2-5 Werktagen,2023-05-03 01:51:53.495333,Knabbergebäck mit Sesamsaat,,"Verantwortliches Lebensmittelunternehmen:
Intersnack Knabber-Gebäck GmbH & Co.KG, Erna-Scheffler-Str. 3, 51103 Köln","Zutatenverzeichnis: WEIZENMEHL, Palmöl, SESAMSAAT (7%), Mohnsaat, Zucker, Speisesalz, Glukosesirup, SÜSSMOLKENPULVER, BUTTERMILCHPULVER, MOLKENPROTEIN, MILCHPROTEIN, MAGERMILCHJOGHURTPULVER, VOLLMILCHPULVER, modifizierte Stärke.",2054,492,27,11,50,"6,2",10,"2,5",https://www.edeka24.de/Lebensmittel/Suess-Salzig/Chips-Knabbereien/Funny-Frisch-goldfischli-Sesam-100G.html,https://www.edeka24.de/out/pictures/generated/product/1/540_540_90/funnyfrisch_goldfischli_sesam_100g.jpg
3172,Lebensmittel,Süß & Salzig,Chips & Knabbereien,Pringles Hot & Spicy 185G,"3,49 €","18,86 €/kg","inkl. MwSt., zzgl. 4.95 € Versandkosten.",lieferbar innerhalb von 2-5 Werktagen,2023-05-03 01:51:57.939770,Knabbergebäck scharf und würzig,Hinweis zur Aufbewahrung: Kühl und trocken lagern.,"Verantwortliches Lebensmittelunternehmen:
Kellogg's Orange Tower, MediaCityUK, Salford, Greater Manchester, M50, 2HF, UK","Zutatenverzeichnis: Kartoffelpüreepulver, Sonnenblumenöl, WEIZENMEHL, Maismehl, Reismehl, scharfe Würzmischung (Gewürze, Zucker, Tomatenpulver, Geschmacksverstärker {Mononatriumglutamat, Dinatriumguanylat, Dinatriuminosinat}, WEIZENSTÄRKE, gekörnte Brühe {Speisesalz, hydrolysiertes Pflanzeneiweiß, Sonnenblumenöl}, Dextrose, Sonnenblumenöl, Süßmolkenpulver {MILCH}, modifizierte Maisstärke, Hefeextrakt, Aromen, Säureregulatoren {Natriumdiacetat, Calciumlactat}, Cayennepfeffer-Soßenpulver {gereifte rote Chilli, Essig, Knoblauch}, Speisesalz, Säuerungsmittel {Citronensäure, Milchsäure}, Maltodextrin, Kräuter, Farbstoff {Paprikaextrakt}, Glucosesirup, MILCHEIWEIß), Maltodextrin, Emulgator (E471), Salz, Farbstoff (Annatto Norbixin).",2145,514,29,"2,8",55,"2,8","6,3","1,2",https://www.edeka24.de/Lebensmittel/Suess-Salzig/Chips-Knabbereien/Pringles-Hot-Spicy-185G.html,https://www.edeka24.de/out/pictures/generated/product/1/540_540_90/pringles_hotampampspicy_185g.jpg
3173,Lebensmittel,Süß & Salzig,Chips & Knabbereien,Alnatura Bio Käsegebäck Gouda 80G,"2,29 €","28,63 €/kg","inkl. MwSt., zzgl. 4.95 € Versandkosten.",lieferbar innerhalb von 2-5 Werktagen,2023-05-03 01:52:01.760245,Bio Käsegebäck mit Gouda,Hinweis zur Aufbewahrung: Bitte trocken lagern und vor Wärme schützen. Angebrochene Packung gut verschließen.,"Verantwortliches Lebensmittelunternehmen:
Alnatura GmbH, Mahatma-Gandhi-Straße 7, 64295 Darmstadt","Zutatenverzeichnis: WEIZENMEHL*, Palmöl*, GOUDA* 24% (MILCH*, Salz, mikrobielles Lab), Hefe*, MILCHPULVER*, VOLLEIPULVER* rehydriert, Meersalz, Zwiebel*, Gewürze* (Pfeffer*, Muskat*). Kann Spuren von NÜSSEN, SELLERIE und SESAM enthalten. *aus biologischer Landwirtschft",2228,535,33,17,43,1,14,"2,1",https://www.edeka24.de/Lebensmittel/Suess-Salzig/Chips-Knabbereien/Alnatura-Bio-Kaesegebaeck-Gouda-80G.html,https://www.edeka24.de/out/pictures/generated/product/1/540_540_90/bio_alnatura_kamp228segebamp228ck_gouda_80g.jpg
3174,Lebensmittel,Süß & Salzig,Chips & Knabbereien,Pringles Original 185G,"3,49 €","18,86 €/kg","inkl. MwSt., zzgl. 4.95 € Versandkosten.",lieferbar innerhalb von 2-5 Werktagen,2023-05-03 01:52:06.370333,Knabbergebäck.,Hinweis zur Aufbewahrung: Kühl und trocken lagern.,"Verantwortliches Lebensmittelunternehmen:
UMA Investments SP. Z O.O., Ul Wschodnia 3, 99-300 Kutno","Zutatenverzeichnis: Kartoffelpüreepulver, Sonnenblumenöl, WEIZENMEHL, Maismehl, Reismehl, Maltodextrin, Emulgator (E471), Salz, Farbstoff (Annatto Norbixin).",2227,534,31,"2,8",56,"1,2","5,9","1,1",https://www.edeka24.de/Lebensmittel/Suess-Salzig/Chips-Knabbereien/Pringles-Original-185G.html,https://www.edeka24.de/out/pictures/generated/product/1/540_540_90/pringlesoriginal.jpg
3175,Lebensmittel,Süß & Salzig,Chips & Knabbereien,Chio Tortillas Wild Paprika 110G,"1,99 €","18,09 €/kg","inkl. MwSt., zzgl. 4.95 € Versandkosten.",lieferbar innerhalb von 2-5 Werktagen,2023-05-03 01:52:09.451843,Mais-Snack mit Paprika-Geschmack,,"Verantwortliches Lebensmittelunternehmen:
Intersnack Deutschland SE, Erna-Scheffler-Str. 3, 51103 Köln","Zutatenverzeichnis: Maismehl (62 %), pflanzliche Öle (Sonnenblume, Raps in veränderlichen Gewichtsanteilen), Stärke, Zucker, Speisesalz, natürliches Aroma, Paprikapulver, Chillistückchen, Paprikastückchen, Petersilie, Tomatenpulver, Hefeextrakt, Zwiebelpulver, Emulgator (Mono-und Diglyceride von Speisefettsäuren), Knoblauchpulver, Gewürze, Säuerungsmittel (Citronensäure), Chilipulver, Farbstoff (Paprikaextrakt).Kann Spuren von WEIZEN enthalten.",486,2037,21,2,66,"3,7","5,6","1,5",https://www.edeka24.de/Lebensmittel/Suess-Salzig/Chips-Knabbereien/Chio-Tortillas-Wild-Paprika-110G.html,https://www.edeka24.de/out/pictures/generated/product/1/540_540_90/chio_tortillas_wild_paprika_110g.jpg
3176,Lebensmittel,Süß & Salzig,Chips & Knabbereien,Ritz Cracker 200G,"1,79 €","8,95 €/kg","inkl. MwSt., zzgl. 4.95 € Versandkosten.",lieferbar innerhalb von 2-5 Werktagen,2023-05-03 01:52:12.440110,Cracker,Hinweis zur Aufbewahrung: Vor Wärme schützen. Trocken lagern,"Verantwortliches Lebensmittelunternehmen:
Mondelez Deutschland GmbH, 28078 Bremen","Zutatenverzeichnis: WEIZENMEHL, Palmöl, Zucker, Glukose-Fruktose-Sirup, Backtriebmittel (Calciumphosphate, Ammoniumcarbonate, Natriumcarbonate, Kaliumcarbonate), Speisesalz, GERSTENMALZMEHL. Kann EI und MILCH enthalten.",2028,484,23,11,60,"8,5","7,7","1,3",https://www.edeka24.de/Lebensmittel/Suess-Salzig/Chips-Knabbereien/Ritz-Cracker-200G.html,https://www.edeka24.de/out/pictures/generated/product/1/540_540_90/ritz_cracker_200g.jpg
3177,Lebensmittel,Süß & Salzig,Chips & Knabbereien,Funny Frisch Zwiebli-Ringe 80G,"1,99 €","24,88 €/kg","inkl. MwSt., zzgl. 4.95 € Versandkosten.",lieferbar innerhalb von 2-5 Werktagen,2023-05-03 01:52:15.840077,Mais-Ringe mit Zwiebel-Geschmack,,"Verantwortliches Lebensmittelunternehmen:
Intersnack, Postfach 910460, 51074 Köln","Zutatenverzeichnis: Maisgrieß (59%), Sonnenblumenöl, natürliches Aroma, Zwiebelpulver (3%), Speisesalz, Hefeextrakt, Hefe, Petersilie, Emulgator (Mono- und Diglyceride von Speisefettsäuren), WEIZENMEHL.",2233,535,32,"4,3",54,"3,9","6,5","1,8",https://www.edeka24.de/Lebensmittel/Suess-Salzig/Chips-Knabbereien/Funny-Frisch-Zwiebli-Ringe-80G.html,https://www.edeka24.de/out/pictures/generated/product/1/540_540_90/funny_frisch_zwiebliringe(1).jpg
3178,Lebensmittel,Süß & Salzig,Chips & Knabbereien,Funny-Frisch Chipsfrisch Peperoni 150G,"2,29 €","15,27 €/kg","inkl. MwSt., zzgl. 4.95 € Versandkosten.",lieferbar innerhalb von 2-5 Werktagen,2023-05-03 01:52:19.735094,Kartoffelchips mit Peperoni-Geschmack,,"Verantwortliches Lebensmittelunternehmen:
Intersnack Deutschland SE, Erna-Scheffler-Str. 3, 51103 Köln","Zutatenverzeichnis: Kartoffeln, pflanzliche Öle (Sonnenblume, Raps in veränderlichen Gewichtsanteilen), Speisesalz, natürliches Aroma, Dextrose, Paprikapulver, Peperonipulver, Hefe, Hefeextrakt, Zwiebelpulver, Zucker, Farbstoffe (Paprikaextrakt, Betenrot), Knoblauchpulver, Säuerungsmittel (Citronensäure, Milchsäure), Kräuter, Gewürzextrakt.",2219,532,33,3,49,"1,9","5,9","1,4",https://www.edeka24.de/Lebensmittel/Suess-Salzig/Chips-Knabbereien/Funny-Frisch-Chipsfrisch-Peperoni-150G.html,https://www.edeka24.de/out/pictures/generated/product/1/540_540_90/funnyfrisch_chipsfrisch_peperoni_150g.jpg
3179,Lebensmittel,Süß & Salzig,Chips & Knabbereien,Roland Swiss Twist Swiss Cheese 100G,"2,49 €","24,90 €/kg","inkl. MwSt., zzgl. 4.95 € Versandkosten.",lieferbar innerhalb von 2-5 Werktagen,2023-05-03 01:52:24.115875,Knusprige Knabbergebäck-Stangen mit Käse,Hinweis zur Aufbewahrung: Trocken lagern und vor Wärme schützen.,"Verantwortliches Lebensmittelunternehmen:
Genuport Trade AG, D-22848 Norderstedt","Zutatenverzeichnis: WEIZENMEHL (70%), BUTTER (28%), KÄSE (10%), MAGERMILCHPULVER, Salz, Hefe, GERSTENMALZEXTRAKT, Zucker.",2135,511,28,19,50,"3,5",13,"1,55",https://www.edeka24.de/Lebensmittel/Suess-Salzig/Chips-Knabbereien/Roland-Swiss-Twist-Swiss-Cheese-100G.html,https://www.edeka24.de/out/pictures/generated/product/1/540_540_90/roland_swiss_twist_swiss_cheese.jpg
3180,Lebensmittel,Süß & Salzig,Chips & Knabbereien,Funny-Frisch Goldfischli Original 100G,"1,59 €","15,90 €/kg","inkl. MwSt., zzgl. 4.95 € Versandkosten.",lieferbar innerhalb von 2-5 Werktagen,2023-05-03 01:52:28.101137,Knabbergebäck,,"Verantwortliches Lebensmittelunternehmen:
Intersnack Knabber-Gebäck GmbH & Co.KG, Erna-Scheffler-Str.3 51103 Köln","Zutatenverzeichnis: WEIZENMEHL, Palmöl, Glukose-Fruktose-Sirup, Speisesalz, GERSTENMALZEXTRAKT, Zucker, Hefe, Emulgator (Lecithine), Gewürz, Säureregulator (Natriumhydroxid). Kann Spuren von SESAM und MILCH enthalten.",1849,440,15,7,65,"5,3","9,4","2,9",https://www.edeka24.de/Lebensmittel/Suess-Salzig/Chips-Knabbereien/Funny-Frisch-Goldfischli-Original-100G.html,https://www.edeka24.de/out/pictures/generated/product/1/540_540_90/ffgoldfischli.jpg
3181,Lebensmittel,Süß & Salzig,Chips & Knabbereien,De Beukelaer Tuc Cracker Sour Cream & Onion 100 g,"1,59 €","15,90 €/kg","inkl. MwSt., zzgl. 4.95 € Versandkosten.",lieferbar innerhalb von 2-5 Werktagen,2023-05-03 01:52:32.059891,Kräcker mit Sauerrahm-Zwiebelgeschmack.,"Hinweis zur Aufbewahrung: Trocken, dunkel lagern und vor Wärme schützen.","Verantwortliches Lebensmittelunternehmen:
Mondelez Deutschland, D-28078 Bremen","Zutatenverzeichnis: WEIZENMEHL, Palmfett, Glukosesirup, GERSTENMALZEXTRAKT, EIER, Backtriebmittel (Ammoniumhydrogencarbonat, Natriumhydrogencarbonat), Speisesalz, Zucker, Zwiebelpulver 0,5 %, BUTTERMILCHPULVER, Dextrose, Sauerrahmpulver 0,2 % (aus MILCH) , Säuerungsmittel (Citronensäure, Milchsäure), Petersilie, Aromen, Mehlbehandlungsmittel (NATRIUMMETABISULFIT), Sonnenblumenöl, Geschmacksverstärker (Dinatriuminosinat, Dinatriumguanylat). Kann SOJA und SESAMSAMEN enthalten.",485,2032,22,10,62,"7,7","7,9","2,27",https://www.edeka24.de/Lebensmittel/Suess-Salzig/Chips-Knabbereien/De-Beukelaer-Tuc-Cracker-Sour-Cream-Onion-100-g.html,https://www.edeka24.de/out/pictures/generated/product/1/540_540_90/de_beukelaer_tuc_cracker_sour_cream_amp_onion.jpg
3182,Lebensmittel,Süß & Salzig,Chips & Knabbereien,Alnatura Bio Dinkel Kräcker Sesam 175G,"1,79 €","10,23 €/kg","inkl. MwSt., zzgl. 4.95 € Versandkosten.",lieferbar innerhalb von 2-5 Werktagen,2023-05-03 01:52:36.448196,Bio Dinkel-Knabbergebäck mit Sesam,Hinweis zur Aufbewahrung: Bitte trocken lagern und vor Wärme schützen.,"Verantwortliches Lebensmittelunternehmen:
Alnatura GmbH, Mahatma-Gandhi-Straße 7, 64295 Darmstadt","Zutatenverzeichnis: DINKELVOLLKORNMEHL*¹ 59%, SESAM* 39%, SOJASAUCE* Tamari (Wasser, SOJABOHNEN*, Meersalz), Reismehl*, Meersalz *aus biologischer Landwirtschaft ¹Dinkel ist eine Urweizenart. Kann Spuren von EI, MILCH, MANDEL, NÜSSEN und SELLERIE enthalten.",1931,462,22,"3,3",44,"0,7",17,"2,2",https://www.edeka24.de/Lebensmittel/Suess-Salzig/Chips-Knabbereien/Alnatura-Bio-Dinkel-Kraecker-Sesam-175G.html,https://www.edeka24.de/out/pictures/generated/product/1/540_540_90/bio_alnatura_dinkel_kramp228cker_sesam_175g.jpg
3183,Lebensmittel,Süß & Salzig,Chips & Knabbereien,EDEKA Bio Reiswaffeln mit Meersalz 100G,"0,89 €","8,90 €/kg","inkl. MwSt., zzgl. 4.95 € Versandkosten.",lieferbar innerhalb von 2-5 Werktagen,2023-05-03 01:52:40.822083,Reiswaffeln mit Meersalz,"Hinweis zur Aufbewahrung: Kühl und trocken lagern, nach dem Öffnen luftdicht verschließen.","Verantwortliches Lebensmittelunternehmen:
EDEKA ZENTRALE Stiftung & Co. KG, D-22291 Hamburg","Zutatenverzeichnis: 99% Reis*, SESAM*, 0,3% Meersalz. *aus kontrolliert ökologischer Landwirtschaft.",1635,386,"3,7","0,7",78,"0,7","8,5","0,32",https://www.edeka24.de/Lebensmittel/Suess-Salzig/Chips-Knabbereien/EDEKA-Bio-Reiswaffeln-mit-Meersalz-100G.html,https://www.edeka24.de/out/pictures/generated/product/1/540_540_90/edekabio_reiswaffelnmitmeersalz.jpg
3184,Lebensmittel,Süß & Salzig,Chips & Knabbereien,Lorenz Saltletts Maxi Sticks 125G,"1,59 €","12,72 €/kg","inkl. MwSt., zzgl. 4.95 € Versandkosten.",lieferbar innerhalb von 2-5 Werktagen,2023-05-03 01:52:44.874472,Laugengebäck,Hinweis zur Aufbewahrung: Trocken lagern. Vor Licht und Wärme schützen.,"Verantwortliches Lebensmittelunternehmen:
The Lorenz Bahlsen Snack-World GmbH & Co KG Germany, Rathenaustr. 54, D-63263 Neu-Isenburg","Zutatenverzeichnis: WEIZENMEHL (80%), Rapsöl, Meersalz (1,6%), Hefe, Salz, GERSTENMALZEXTRAKT, Säureregulator: Natriumhydroxid, Backtriebmittel: Ammoniumhydrogencarbonat. Kann SESAMSAMEN enthalten.",1842,438,15,"1,3",63,"2,2",11,"2,9",https://www.edeka24.de/Lebensmittel/Suess-Salzig/Chips-Knabbereien/Lorenz-Saltletts-Maxi-Sticks-125G.html,https://www.edeka24.de/out/pictures/generated/product/1/540_540_90/lorenz_saltletts_maxi_sticks.jpg
3185,Lebensmittel,Süß & Salzig,Chips & Knabbereien,Funny-Frisch Chipsfrisch gesalzen 150G,"2,29 €","15,27 €/kg","inkl. MwSt., zzgl. 4.95 € Versandkosten.",lieferbar innerhalb von 2-5 Werktagen,2023-05-03 01:52:49.101896,"Kartoffelchips, gesalzen",,"Verantwortliches Lebensmittelunternehmen:
Intersnack Deutschland SE, Erna-Scheffler-Str. 3, 51103 Köln","Zutatenverzeichnis: Kartoffeln, pflanzliche Öle (Sonnenblume, Raps in veränderlichen Gewichtsanteilen), Speisesalz.",2248,539,34,3,49,"0,6","5,6","1,4",https://www.edeka24.de/Lebensmittel/Suess-Salzig/Chips-Knabbereien/Funny-Frisch-Chipsfrisch-gesalzen-150G.html,https://www.edeka24.de/out/pictures/generated/product/1/540_540_90/chipsfrischsalz.jpg
3186,Lebensmittel,Süß & Salzig,Chips & Knabbereien,Pringles Pizza 185G,"3,49 €","18,86 €/kg","inkl. MwSt., zzgl. 4.95 € Versandkosten.",lieferbar innerhalb von 2-5 Werktagen,2023-05-03 01:52:53.317779,-,,"Verantwortliches Lebensmittelunternehmen:
Kellogg Europe Trading Limited, IR-K67 Y7E5","Zutatenverzeichnis: Kartoffelpüreepulver, Sonnenblumenöl, WEIZENMEHL, Maismehl, Reismehl, Pizza-Würzmischung (Paniermehl {WEIZEN}, Laktose {MILCH}, Aromen, Dextrose, Gewürze, Tomatenpulver, Zwiebelpulver, Knoblauchpulver, Hefeextrakt, Geschmacksverstärker {Mononatriumglutamat, Dinatriumguanylat, Dinatriuminosinat}, Zucker, Säuerungsmittel {Citronensäure}, Säureregulator {Natriumdiacetat}, MILCHEIWEIß, Farbstoff {Paprikaextrakt}), Maltodextrin, Emulgator (E471), Salz, Farbstoff (Annatto Norbixin).",2154,516,29,"2,8",56,"3,1","6,0","1,4",https://www.edeka24.de/Lebensmittel/Suess-Salzig/Chips-Knabbereien/Pringles-Pizza-185G.html,https://www.edeka24.de/out/pictures/generated/product/1/540_540_90/pringles_pizza_185g.jpg
3187,Lebensmittel,Süß & Salzig,Chips & Knabbereien,Alnatura Bio Dinkel Brezeln Sesam 125G,"1,59 €","12,72 €/kg","inkl. MwSt., zzgl. 4.95 € Versandkosten.",lieferbar innerhalb von 2-5 Werktagen,2023-05-03 01:52:57.673887,Bio Laugengebäck mit Sesam,Hinweis zur Aufbewahrung: Bitte trocken lagern und vor Wärme schützen.,"Verantwortliches Lebensmittelunternehmen:
Alnatura GmbH, Mahatma-Gandhi-Straße 7, 64295 Darmstadt","Zutatenverzeichnis: DINKELVOLLKORNMEHL*1 44%, DINKELMEHL*¹ Type 1050 (44%), SESAM* 4%, Palmfett**, Hefe**, GERSTENMALZEXTRAKT*, Meersalz, Säureregulator: Natriumhydroxid (Brezellauge) *aus Demeter-Landbau **aus biologischer Landwirtschaft ¹Dinkel ist eine Urweizenart.",1716,407,"8,8","2,9",64,"1,2",14,"2,6",https://www.edeka24.de/Lebensmittel/Suess-Salzig/Chips-Knabbereien/Alnatura-Bio-Dinkel-Brezeln-Sesam-125G.html,https://www.edeka24.de/out/pictures/generated/product/1/540_540_90/demeter_alnatura_dinkel_brezeln_125g.jpg
3188,Lebensmittel,Süß & Salzig,Chips & Knabbereien,Funny Frisch Linsen Chips Sour Cream 90G,"2,29 €","25,44 €/kg","inkl. MwSt., zzgl. 4.95 € Versandkosten.",lieferbar innerhalb von 2-5 Werktagen,2023-05-03 01:53:04.358739,"Knabbererzeugnis mit Linsenmehl, Sauerrahm- und Schnittlauchgeschmack",,"Verantwortliches Lebensmittelunternehmen:
Intersnack Deutschland SE, Erna-Scheffler-Straße 3, 51103 Köln","Zutatenverzeichnis: Linsenmehl (37%), Reismehl, Sonnenblumenöl, Maismehl, Stärke, Zucker, Speisesalz, MILCHZUCKER, Zwiebelpulver, Kaliumchlorid, natürliches Aroma, Hefeextrakt, Knoblauchpulver, Gewürz, Säuerungsmittel (Citronensäure), Trockenmilcherzeugnis aus SAUERRAHM, Schnittlauch, Petersilie.Kann Spuren von SOJA enthalten.",1918,457,18,"1,7",58,"5,2",13,"1,6",https://www.edeka24.de/Lebensmittel/Suess-Salzig/Chips-Knabbereien/Funny-Frisch-Linsen-Chips-Sour-Cream-90G.html,https://www.edeka24.de/out/pictures/generated/product/1/540_540_90/fflcsourcream.jpg
3189,Lebensmittel,Süß & Salzig,Chips & Knabbereien,Lorenz Saltletts Brezel 200G,"2,29 €","11,45 €/kg","inkl. MwSt., zzgl. 4.95 € Versandkosten.",lieferbar innerhalb von 2-5 Werktagen,2023-05-03 01:53:08.768854,Laugengebäck,Hinweis zur Aufbewahrung: Vor Licht und Wärme schützen.,"Verantwortliches Lebensmittelunternehmen:
The Lorenz Bahlsen Snack-World GmbH & Co. KG, Rathenaustr. 54, 63263 Neu-Isenburg","Zutatenverzeichnis: WEIZENMEHL (89 %), Rapsöl, Salz, Meersalz (1,2 %), Hefe, GERSTENMALZEXTRAKT, Säureregulator: Natriumhydroxid, Backtriebmittel:Natriumhydrogencarbonat. Kann SESAMSAMEN, MILCH und EI enthalten.",1684,399,"7,5","0,8",69,"2,7",12,"4,1",https://www.edeka24.de/Lebensmittel/Suess-Salzig/Chips-Knabbereien/Lorenz-Saltletts-Brezel-200G.html,https://www.edeka24.de/out/pictures/generated/product/1/540_540_90/lorenz_saltletts_brezies_200g.jpg
3190,Lebensmittel,Süß & Salzig,Chips & Knabbereien,Pringles Texas BBQ Sauce 185G,"3,49 €","18,86 €/kg","inkl. MwSt., zzgl. 4.95 € Versandkosten.",lieferbar innerhalb von 2-5 Werktagen,2023-05-03 01:53:13.433014,Knabbergebäck mit Texas-Barbecuesauce-Geschmack,Hinweis zur Aufbewahrung: Kühl und trocken lagern.,"Verantwortliches Lebensmittelunternehmen:
Kellogg's Orange Tower, MediaCityUK, Salford, Greater Manchester, M50, 2HF, UK","Zutatenverzeichnis: Kartoffelpüreepulver, Sonnenblumenöl, WEIZENMEHL, Maismehl, Reismehl, Barbecue-Würzmischung (Zucker, Laktose {MILCH}, Speisesalz, Zwiebelpulver, Geschmacksverstärker {Mononatriumglutamat, Dinatrium-5'-ribonucleotid}, Tomatenpulver, Paprikapulver, Hefeextrakt, Aromen, Raucharomen, Johannisbrotpulver, Säureregulator {Natriumdiacetat}, Säuerungsmittel {Äpfelsäure, Citronensäure}, Knoblauchpulver, Sonnenblumenöl, Maisstärke, Farbstoff {Paprikaextrakt}, Maltodextrin), Maltodextrin, Emulgator (E471), Salz, Farbstoff (Annatto Norbixin).",2174,520,29,"2,7",57,"4,5","6,1","1,2",https://www.edeka24.de/Lebensmittel/Suess-Salzig/Chips-Knabbereien/Pringles-Texas-BBQ-Sauce-185G.html,https://www.edeka24.de/out/pictures/generated/product/1/540_540_90/pringles_barbeque_185g.jpg
3191,Lebensmittel,Süß & Salzig,Chips & Knabbereien,EDEKA Originale Grissini All'Olio Di Oliva 125G,"1,29 €","10,32 €/kg","inkl. MwSt., zzgl. 4.95 € Versandkosten.",lieferbar innerhalb von 2-5 Werktagen,2023-05-03 01:53:18.394288,Hefegebäck mit 10% Olivenöl,Hinweis zur Aufbewahrung: Vor Wärme geschützt und trocken lagern,"Verantwortliches Lebensmittelunternehmen:
EDEKA ZENTRALE Stiftung & Co. KG, D-22291 Hamburg","Zutatenverzeichnis: WEIZENMEHL, 10% Olivenöl, Hefe, WEIZENMALZMEHL, Meersalz. Das Produkt kann Spuren von SENF, SOJA und SESAM enthalten.",1861,442,"12,3","2,5","68,9","2,7","12,2","1,8",https://www.edeka24.de/Lebensmittel/Suess-Salzig/Chips-Knabbereien/EDEKA-Originale-Grissini-All-Olio-Di-Oliva-125G.html,https://www.edeka24.de/out/pictures/generated/product/1/540_540_90/edeka_italia_grissini_all039olio_di_oliva(1).jpg
3192,Lebensmittel,Süß & Salzig,Chips & Knabbereien,EDEKA Originale Grissini Al Sesamo 125G,"1,29 €","10,32 €/kg","inkl. MwSt., zzgl. 4.95 € Versandkosten.",lieferbar innerhalb von 2-5 Werktagen,2023-05-03 01:53:23.550788,"Hefegebäck mit 7,4% Sesam und 2,8% Olivenöl",Hinweis zur Aufbewahrung: Vor Wärme geschützt und trocken lagern.,"Verantwortliches Lebensmittelunternehmen:
EDEKA Zentrale Stiftung & Co. KG, 22291 Hamburg","Zutatenverzeichnis: WEIZENMEHL, SESAM, Olivenöl, Hefe, WEIZENMALZMEHL, Meersalz. Das Produkt kann Spuren von SENF und SOJA enthalten.",1798,426,"9,5","1,6",68,"1,9","14,9","1,9",https://www.edeka24.de/Lebensmittel/Suess-Salzig/Chips-Knabbereien/EDEKA-Originale-Grissini-Al-Sesamo-125G.html,https://www.edeka24.de/out/pictures/generated/product/1/540_540_90/edeka_originale_italienischer_grissini_sesam_125g.jpg
3193,Lebensmittel,Süß & Salzig,Chips & Knabbereien,Funny Frisch Cornados Nacho Cheese Style 80G,"1,99 €","24,88 €/kg","inkl. MwSt., zzgl. 4.95 € Versandkosten.",lieferbar innerhalb von 2-5 Werktagen,2023-05-03 01:53:27.823011,Maissnack mit Käse-Geschmack,,"Verantwortliches Lebensmittelunternehmen:
Intersnack, Postfach 910460, 51074 Köln","Zutatenverzeichnis: Maismehl (51%), Sonnenblumenöl, Kartoffelstärke, Reismehl, Zucker, Speisesalz, natürliches Aroma, MOLKENPULVER (MILCH), KÄSEPULVER, Hefeextrakt, Zwiebelpulver, Knoblauchpulver, Gewürze, Tomatenpulver.",2140,513,30,"2,7",53,"6,6","5,7","2,2",https://www.edeka24.de/Lebensmittel/Suess-Salzig/Chips-Knabbereien/Funny-Frisch-Cornados-Nacho-Cheese-Style-80G.html,https://www.edeka24.de/out/pictures/generated/product/1/540_540_90/funnyfrisch_cornados_nacho_cheese_80g.jpg
3194,Lebensmittel,Süß & Salzig,Chips & Knabbereien,Roland Bretzeli Classic 100G,"2,69 €","26,90 €/kg","inkl. MwSt., zzgl. 4.95 € Versandkosten.",lieferbar innerhalb von 2-5 Werktagen,2023-05-03 01:53:31.581050,Gesalzenes Laugengebäck,"Hinweis zur Aufbewahrung: Vor Wärme schützen, trocken lagern.","Verantwortliches Lebensmittelunternehmen:
Roland Murten AG, Freiburgstraße 49, CH-3280 Murten","Zutatenverzeichnis: WEIZENMEHL, Salz, Sonnenblumenöl, MAGERMILCHPULVER, Hefe, GERSTENMALZEXTRAKT, Säureregulator: Natriumhydroxid. Kann Spuren von SESAM enthalten.",1630,390,4,"0,5",74,"4,1",12,"3,8",https://www.edeka24.de/Lebensmittel/Suess-Salzig/Chips-Knabbereien/Roland-Bretzeli-Classic-100G.html,https://www.edeka24.de/out/pictures/generated/product/1/540_540_90/roland_bretzeli_classic.jpg
3195,Lebensmittel,Süß & Salzig,Chips & Knabbereien,Alnatura Knabber Eulen Classic 100G,"1,59 €","15,90 €/kg","inkl. MwSt., zzgl. 4.95 € Versandkosten.",lieferbar innerhalb von 2-5 Werktagen,2023-05-03 01:53:35.320454,Bio Laugengebäck,Hinweis zur Aufbewahrung: Bitte trocken lagern und vor Wärme schützen.,"Verantwortliches Lebensmittelunternehmen:
Alnatura Produktions- und Handels GmbH, Mahatma-Gandhi-Str. 7, 64295 Darmstadt","Zutatenverzeichnis: WEIZENMEHL* Type 812, Palmfett* ungehärtet, Speisesalz, Invertzuckersirup, GERSTENMALZEXTRAKT*, Hefe, Rohrzucker*, Sauerteig* getrocknet (ROGGENMEHL*, WEIZENKLEBER*, Acerola-Fruchtpulver* (auf Maniok-Maltrodextrin*), GERSTENMALZMEHL*), Backtriebmittel: Natriumhydrogencarbonat, Säureregulator: Natriumhydroxid (Brezellauge), Zitronensaftkonzentrat*. *aus biologischer Landwirtschaft. Kann Spuren von EI, MILCH, MANDEL, HASELNUSS und SESAM enthalten. Unter Schutzatmosphäre verpackt.",1828,435,14,"6,4",65,"5,3",11,5,https://www.edeka24.de/Lebensmittel/Suess-Salzig/Chips-Knabbereien/Alnatura-Knabber-Eulen-Classic-100G.html,https://www.edeka24.de/out/pictures/generated/product/1/540_540_90/4104420055360_knabber_eulen_100g.jpg
3196,Lebensmittel,Süß & Salzig,Chips & Knabbereien,Lorenz Naturals Fein Gesalzen 80G,"2,29 €","28,63 €/kg","inkl. MwSt., zzgl. 4.95 € Versandkosten.",lieferbar innerhalb von 2-5 Werktagen,2023-05-03 01:53:39.224901,Fettreduzierte Kartoffelchips in Schale geröstet mit Meersalz,Hinweis zur Aufbewahrung: Trocken lagern. Vor Wärme schützen.,"Verantwortliches Lebensmittelunternehmen:
The Lorenz Bahlsen Snack-World GmbH & Co. KG, Rathenaustr. 54, 63263 Neu-Isenburg","Zutatenverzeichnis: Kartoffeln, Sonnenblumenöl (22 %), Speisesalz, Meersalz. Kann MILCH enthalten.",1976,472,22,"1,7",60,"0,5","6,4","2,5",https://www.edeka24.de/Lebensmittel/Suess-Salzig/Chips-Knabbereien/Lorenz-Naturals-Fein-Gesalzen-80G.html,https://www.edeka24.de/out/pictures/generated/product/1/540_540_90/naturals_leicht_salz_80g.jpg
3197,Lebensmittel,Süß & Salzig,Chips & Knabbereien,EDEKA Bio Violette & Orange Sweet Potato Süsskartoffelchips 100G,"2,79 €","27,90 €/kg","inkl. MwSt., zzgl. 4.95 € Versandkosten.",lieferbar innerhalb von 2-5 Werktagen,2023-05-03 01:53:43.202741,"Mischung aus orangefarbigen und violettfarbigen Kartoffelchips, gesalzen",Hinweis zur Aufbewahrung: Vor Wärme geschützt und trocken lagern.,"Verantwortliches Lebensmittelunternehmen:
EDEKA ZENTRALE Stiftung & Co. KG, D-22291 Hamburg","Zutatenverzeichnis: 42% orangefarbige Süßkartoffeln*, Sonnenblumenöl*, 21% violettfarbige Süßkartoffeln*, 1% Meersalz. *aus kontrolliert ökologischer Landwirtschaft",2154,519,"35,8","3,1","40,4","17,5","3,6","1,4",https://www.edeka24.de/Lebensmittel/Suess-Salzig/Chips-Knabbereien/EDEKA-Bio-Violette-Orange-Sweet-Potato-Suesskartoffelchips-100G.html,https://www.edeka24.de/out/pictures/generated/product/1/540_540_90/bio_edeka_samp252sskartoffelchips_100g.jpg
3198,Lebensmittel,Süß & Salzig,Chips & Knabbereien,Bibigo Seetang-Reis-Chips 20G,"2,69 €","134,50 €/kg","inkl. MwSt., zzgl. 4.95 € Versandkosten.",lieferbar innerhalb von 2-5 Werktagen,2023-05-03 01:53:47.253515,-,,"Verantwortliches Lebensmittelunternehmen:
Kreyenhop & Kluge GmbH & Co. KG, DE-28876","Zutatenverzeichnis: Reiscracker (65%) (Tapiokastärke, brauner Klebreis (15%), Salz), Wasser, Seetang (7%), pflanzliche Öle (Raps, SESAM), Zucker, Salz, Hefeextrakt, Gewürzextrakt.Kann Spuren von EIER, MILCH, GLUTEN, SOJABOHNEN und WEIZEN enthalten.",1750,414,"7,9","0,9",81,"8,0","4,,6","2,7",https://www.edeka24.de/Lebensmittel/Suess-Salzig/Chips-Knabbereien/Bibigo-Seetang-Reis-Chips-20G.html,https://www.edeka24.de/out/pictures/generated/product/1/540_540_90/8801007499468.jpg
3199,Lebensmittel,Süß & Salzig,Chips & Knabbereien,Pom-Bär Ofen Minis Paprika 80G,"1,79 €","22,38 €/kg","inkl. MwSt., zzgl. 4.95 € Versandkosten.",lieferbar innerhalb von 2-5 Werktagen,2023-05-03 01:53:51.842496,Kartoffelsnack mit Paprika-Geschmack,,"Verantwortliches Lebensmittelunternehmen:
Intersnack Deutschland SE, Erna-Scheffler-Straße 3, 51103 Köln","Zutatenverzeichnis: Kartoffelpulver (65%), Kartoffelstärke, Sonnenblumenöl, WEIZENMEHL, Zucker, Speisesalz, Trockenmilcherzeugnis aus SAUERRAHM, Zwiebelpulver, Paprikapulver, natürliches Aroma, Emulgator (Lecithine), Hefeextrakt, Knoblauchpulver, Gewürze, Säuerungsmittel (Citronensäure), Farbstoff (Paprikaextrakt).Kann Spuren von SESAM erhalten.",1744,414,"8,3",1,74,13,"6,9","0,89",https://www.edeka24.de/Lebensmittel/Suess-Salzig/Chips-Knabbereien/Pom-Baer-Ofen-Minis-Paprika-80G.html,https://www.edeka24.de/out/pictures/generated/product/1/540_540_90/pombamp228r_ofen_minis_paprika_80g.jpg
3200,Lebensmittel,Süß & Salzig,Chips & Knabbereien,Lorenz Naturals Milde Paprika 95G,"2,29 €","24,11 €/kg","inkl. MwSt., zzgl. 4.95 € Versandkosten.",lieferbar innerhalb von 2-5 Werktagen,2023-05-03 01:53:56.000808,Kartoffelchips in Schale geröstet mit Paprika-Würzung,Hinweis zur Aufbewahrung: Trocken Lagern. Vor Wärme schützen.,"Verantwortliches Lebensmittelunternehmen:
The Lorenz Bahlsen Snack-World GmbH & Co. KG, Rathenaustr. 54, 63263 Neu-Isenburg",,2155,516,30,"2,4",54,"2,4","5,8","2,2",https://www.edeka24.de/Lebensmittel/Suess-Salzig/Chips-Knabbereien/Lorenz-Naturals-Milde-Paprika-95G.html,https://www.edeka24.de/out/pictures/generated/product/1/540_540_90/naturals_milde_paprika_95g.jpg
3201,Lebensmittel,Süß & Salzig,Chips & Knabbereien,Roland Swiss Twist Alpensalz 100G,"2,49 €","24,90 €/kg","inkl. MwSt., zzgl. 4.95 € Versandkosten.",lieferbar innerhalb von 2-5 Werktagen,2023-05-03 01:54:00.134618,Knusprige Knabbergebäck-Stangen gesalzen,,"Verantwortliches Lebensmittelunternehmen:
Genuport Trade AG, D-22848 Norderstedt","Zutatenverzeichnis: WEIZENMEHL, BUTTER, entrahmtes MILCHPULVER, Salz, Hefe, Zucker, GERSTENMALZEXTRAKT.",2092,500,25,17,55,5,12,"1,73",https://www.edeka24.de/Lebensmittel/Suess-Salzig/Chips-Knabbereien/Roland-Swiss-Twist-Alpensalz-100G.html,https://www.edeka24.de/out/pictures/generated/product/1/540_540_90/rolandswitwialpsalt.jpg
3202,Lebensmittel,Süß & Salzig,Chips & Knabbereien,Alnatura Bio Hirse Bällchen Erdnuss 75G,"1,39 €","18,53 €/kg","inkl. MwSt., zzgl. 4.95 € Versandkosten.",lieferbar innerhalb von 2-5 Werktagen,2023-05-03 01:54:04.440600,"Bio Hirse-Knabbergebäck, extrudiert, mit Erdnüssen",Hinweis zur Aufbewahrung: Bitte trocken lagern und vor Wärme schützen.,"Verantwortliches Lebensmittelunternehmen:
Alnavit GmbH, Mahatma-Gandhi-Str. 7, 64295 Darmstadt","Zutatenverzeichnis: Hirse* 69 %, ERDNÜSSE* geröstet 19 %, Sonnenblumenöl*, Meersalz Kann Spuren von Milch enthalten. *aus biologischer Landwirtschaft .",2011,481,23,"3,2",53,"1,7",13,"1,4",https://www.edeka24.de/Lebensmittel/Suess-Salzig/Chips-Knabbereien/Alnatura-Bio-Hirse-Baellchen-Erdnuss-75G.html,https://www.edeka24.de/out/pictures/generated/product/1/540_540_90/bio_alnatura_hirsebamp228llchen_erdnuss_75g.jpg
3203,Lebensmittel,Süß & Salzig,Chips & Knabbereien,Lorenz Naturals Meersalz & Pfeffer 95G,"2,29 €","24,11 €/kg","inkl. MwSt., zzgl. 4.95 € Versandkosten.",lieferbar innerhalb von 2-5 Werktagen,2023-05-03 01:54:09.915838,Kartoffelchips in Schale geröstet mit Salt und Pfeffer-Würzung,Hinweis zur Aufbewahrung: Vor Wärme schützen.,"Verantwortliches Lebensmittelunternehmen:
The Lorenz Bahlsen Snack-World GmbH & Co KG, Rathenaustr. 54, 63263 Neu-Isenburg","Zutatenverzeichnis: Kartoffeln, Sonnenblumenöl (30 %), Speisesalz, SÜSSMOLKENPULVER, Meersalz, schwarzer Pfeffer, Dextrose, Zwiebelpulver, natürliches Pfefferaroma mit anderen natürlichen Aromen.",2157,517,30,"2,5",54,"2,1","5,9",2,https://www.edeka24.de/Lebensmittel/Suess-Salzig/Chips-Knabbereien/Lorenz-Naturals-Meersalz-Pfeffer-95G.html,https://www.edeka24.de/out/pictures/generated/product/1/540_540_90/naturals_meersalzampamppfeffer_95g.jpg
3204,Lebensmittel,Süß & Salzig,Chips & Knabbereien,"Maretti Bruschette Tomato, Olives & Oregano 150G","2,29 €","15,27 €/kg","inkl. MwSt., zzgl. 4.95 € Versandkosten.",lieferbar innerhalb von 2-5 Werktagen,2023-05-03 01:54:13.571760,-,,"Verantwortliches Lebensmittelunternehmen:
Ficosta Food EAD, BUL-9700 Shumen","Zutatenverzeichnis: WEIZENMEHL, pflanzliches Öl (Sonnenblumenöl, Antioxidationsmittel: Extrakt aus Rosmarin), Maismehlzubereitung 13% (Maismehlextrudat, MAGERMILCHPULVER, getrocknetes GLUTEN (WEIZEN), Verdickungsmittel: Guarkernmehl; Dextrose), Tomaten-, Oliven- und Oregano-Würzmischung 6% (Dextrose, Salz, Maisstärke, Tomatenpulver 9%, Zwiebelpulver, getrocknete Petersilie, Hefeextrakt, Knoblauchpulver, Säureregulator: Citronensäure; Trennmittel: Siliciumdioxid; getrocknete Oliven 0,5%, getrockneter Oregano 0,5%, Aroma), Salz, Zucker, Hefe.",1906,453,14,"1,2",71,"5,5","9,1","2,0",https://www.edeka24.de/Lebensmittel/Suess-Salzig/Chips-Knabbereien/Maretti-Bruschette-Tomato-Olives-Oregano-150G.html,https://www.edeka24.de/out/pictures/generated/product/1/540_540_90/maretti_bruschette_tomatoolivesampamporegano_150g.jpg
3205,Lebensmittel,Süß & Salzig,Chips & Knabbereien,Lorenz Naturals Rosmarin 95G,"2,29 €","24,11 €/kg","inkl. MwSt., zzgl. 4.95 € Versandkosten.",lieferbar innerhalb von 2-5 Werktagen,2023-05-03 01:54:17.494917,Kartoffelchips in Schale geröstet mit Rosmarin-Würzung,Hinweis zur Aufbewahrung: Trocken lagern. Vor Wärme schützen.,"Verantwortliches Lebensmittelunternehmen:
The Lorenz Bahlsen Snack-World GmbH & Co. KG, Rathenaustr. 54, 63263 Neu-Isenburg","Zutatenverzeichnis: Kartoffeln, Sonnenblumenöl (30 %), Speisesalz, SÜSSMOLKENPULVER, Meersalz, Dextrose, Zucker, Zwiebelpulver, Knoblauchpulver, Petersilie, Thymian, Rosmarin, natürliches Aroma.",2157,517,30,"2,6",54,"2,4","5,9","2,1",https://www.edeka24.de/Lebensmittel/Suess-Salzig/Chips-Knabbereien/Lorenz-Naturals-Rosmarin-95G.html,https://www.edeka24.de/out/pictures/generated/product/1/540_540_90/naturals_rosmarin_95g.jpg
3206,Lebensmittel,Süß & Salzig,Chips & Knabbereien,Lorenz Rohscheiben Steinsalz 120G,"2,49 €","20,75 €/kg","inkl. MwSt., zzgl. 4.95 € Versandkosten.",lieferbar innerhalb von 2-5 Werktagen,2023-05-03 01:54:22.250110,"Kartoffelchips in Schale geröstet, gesalzen",,"Verantwortliches Lebensmittelunternehmen:
The Lorenz Bahlsen Snack-World GmbH & Co. KG, Rathenaustr. 54, 63263 Neu-Isenburg","Zutatenverzeichnis: Kartoffeln, Sonnenblumenöl (26 %), Steinsalz (1,2 %). Kann MILCH enthalten.",2104,503,26,2,59,"<0,5","6,3","1,2",https://www.edeka24.de/Lebensmittel/Suess-Salzig/Chips-Knabbereien/Lorenz-Rohscheiben-Steinsalz-120G.html,https://www.edeka24.de/out/pictures/generated/product/1/540_540_90/lorenz_rohscheiben_steinsalz_120g.jpg
3207,Lebensmittel,Süß & Salzig,Chips & Knabbereien,Lorenz Kichererbsenchips Paprika 85G,"2,49 €","29,29 €/kg","inkl. MwSt., zzgl. 4.95 € Versandkosten.",lieferbar innerhalb von 2-5 Werktagen,2023-05-03 01:54:25.528600,Kichererbsen-Kartoffel-Snack mit Paprika-Geschmack,Hinweis zur Aufbewahrung: Trocken lagern. Vor Wärme schützen.,"Verantwortliches Lebensmittelunternehmen:
The Lorenz Bahlsen Snack-World GmbH & Co. KG, Rathenaustr. 54, 63263 Neu-Isenburg","Zutatenverzeichnis: Kichererbsenmehl (30 %), Reismehl, Rapsöl, Kartoffelflocken (11 %), Tapiokastärke, Kartoffelstärke, Erbsenproteinisolat, Salz, Zucker, Zwiebelpulver, Paprikapulver, SAUERRAHMPULVER, Aroma (enthält MILCHERZEUGNISSE), Raucharoma, Säureregulator: Citronensäure.",1764,420,13,1,60,"4,4",13,"2,8",https://www.edeka24.de/Lebensmittel/Suess-Salzig/Chips-Knabbereien/Lorenz-Kichererbsenchips-Paprika-85G.html,https://www.edeka24.de/out/pictures/generated/product/1/540_540_90/lorenz_kichererbsenchips_paprika_85g.jpg
3208,Lebensmittel,Süß & Salzig,Chips & Knabbereien,Maretti Bruschette Mediterranean Vegetables 150G,"2,29 €","15,27 €/kg","inkl. MwSt., zzgl. 4.95 € Versandkosten.",lieferbar innerhalb von 2-5 Werktagen,2023-05-03 01:54:29.866203,-,,"Verantwortliches Lebensmittelunternehmen:
Ficosta Food EAD, BUL-9700 Shumen","Zutatenverzeichnis: WEIZENMEHL, pflanzliches Öl (Sonnenblumenöl, Antioxidationsmittel: Extrakt aus Rosmarin), Maismehlzubereitung 13% (Maismehlextrudat, MAGERMILCHPULVER, getrocknetes GLUTEN (WEIZEN), Verdickungsmittel: Guarkernmehl; Dextrose), mediterrane Gemüse-Würzmischung 6% (Zucker, Salz, Zwiebelpulver 17%, Paprikapulver 11%, getrocknete Petersilie, Tomatenpulver 5%, Knoblauchpulver 2%, Trennmittel: Siliciumdioxid; Säureregulator: Citronensäure; Aroma), Salz, Zucker, Hefe.",1906,453,14,"1,2",71,"5,5","9,1","2,0",https://www.edeka24.de/Lebensmittel/Suess-Salzig/Chips-Knabbereien/Maretti-Bruschette-Mediterranean-Vegetables-150G.html,https://www.edeka24.de/out/pictures/generated/product/1/540_540_90/marettibruschettemedveg.jpg
3209,Lebensmittel,Süß & Salzig,Chips & Knabbereien,Chio Dip! Hot Salsa 200ML,"2,79 €","13,95 €/l","inkl. MwSt., zzgl. 4.95 € Versandkosten.",lieferbar innerhalb von 2-5 Werktagen,2023-05-03 01:54:33.459570,Tomaten-Paprika-Sauce mit Jalapeno-Chilis,Hinweis zur Aufbewahrung: Nach dem Öffnen kühl lagern und innerhalb von 7 Tagen verbrauchen.,"Verantwortliches Lebensmittelunternehmen:
Intersnack Deutschland SE, Erna-Scheffler-Straße 3, 51103 Köln","Zutatenverzeichnis: Trinkwasser, Invertzuckersirup, Tomatenmark (14%), Paprika (10%), Branntweinessig, Speisesalz, Stärke, Jalapeño Chilis, Zwiebeln, Gewürz, Tomatenpulver, natürliches Aroma.",437,103,"0,5","0,1",23,16,1,"2,9",https://www.edeka24.de/Lebensmittel/Suess-Salzig/Chips-Knabbereien/Chio-Dip-Hot-Salsa-200ML.html,https://www.edeka24.de/out/pictures/generated/product/1/540_540_90/chio_dip_hot_salsa_200ml.jpg
3210,Lebensmittel,Süß & Salzig,Chips & Knabbereien,Maretti Bruschette Sour Cream & Onion 150G,"2,29 €","15,27 €/kg","inkl. MwSt., zzgl. 4.95 € Versandkosten.",lieferbar innerhalb von 2-5 Werktagen,2023-05-03 01:54:36.271885,-,,"Verantwortliches Lebensmittelunternehmen:
Ficosta Food EAD, BUL-9700 Shumen","Zutatenverzeichnis: WEIZENMEHL, Pflanzenöl (Sonnenblumenöl, Antioxidationsmittel: Extrakt aus Rosmarin), Maiszubereitung 13% (Maisextrudat, MAGERMILCHPULVER, getrocknetes GLUTEN (Weizen), Stabilisator: Guarkernmehl; Dextrose), Gewürz Sauerrahm und Zwiebel 6% (Maltodextrin, Salz, Zwiebelpulver 17%, Zucker, SAUERRAHMPULVER 4%, Hefeextrakt, getrocknete Petersilie 3%, Knoblauchpulver, Säureregulator: Citronensäure; Aromen), Salz, Zucker, Hefe.",1906,453,14,"1,2",71,"5,5","9,1","2,0",https://www.edeka24.de/Lebensmittel/Suess-Salzig/Chips-Knabbereien/Maretti-Bruschette-Sour-Cream-Onion-150G.html,https://www.edeka24.de/out/pictures/generated/product/1/540_540_90/marettibruschettecourcream.jpg
3211,Lebensmittel,Süß & Salzig,Chips & Knabbereien,Funny-Frisch Cornados Paprika 80G,"1,99 €","24,88 €/kg","inkl. MwSt., zzgl. 4.95 € Versandkosten.",lieferbar innerhalb von 2-5 Werktagen,2023-05-03 01:54:39.461065,Maissnack mit Paprikageschmack,,"Verantwortliches Lebensmittelunternehmen:
Intersnack Deutschland SE, Erna-Scheffler-Str. 3, 51103 Köln","Zutatenverzeichnis: Maismehl (51%), pflanzliche Öle (Sonnenblume, Raps in veränderlichen Gewichtsanteilen), Kartoffelstärke, Zucker, Reismehl, Speisesalz, Trockenmilcherzeugnis aus SAUERRAHM, Zwiebelpulver, natürliches Aroma, Paprikapulver, Hefeextrakt, Gewürze, Knoblauchpulver, Säuerungsmittel (Citronensäure), Farbstoff (Paprikaextrakt).",512,2135,30,"2,8",53,"7,3","5,4","2,2",https://www.edeka24.de/Lebensmittel/Suess-Salzig/Chips-Knabbereien/Funny-Frisch-Cornados-Paprika-80G.html,https://www.edeka24.de/out/pictures/generated/product/1/540_540_90/funnyfrisch_cornados_paprika_80g.jpg
3212,Lebensmittel,Süß & Salzig,Chips & Knabbereien,Alnatura Bio Dinkel Cracker natur 100G,"1,29 €","12,90 €/kg","inkl. MwSt., zzgl. 4.95 € Versandkosten.",lieferbar innerhalb von 2-5 Werktagen,2023-05-03 01:54:42.586110,Bio Dinkelvollkorn-Cracker,Hinweis zur Aufbewahrung: Bitte trocken lagern.,"Verantwortliches Lebensmittelunternehmen:
Alnatura Produktions- und Handels GmbH, Mahatma-Gandhi-Str. 7, 64295 Darmstadt","Zutatenverzeichnis: DINKELVOLLKORNSCHROT* 88 %, Palmfett* ungehärtet, Meersalz, Hefe*,GERSTENMALZEXTRAKT*, Backtriebmittel: Natriumhydrogencarbonat. *aus biologischer Landwirtschaft.",1774,422,12,"7,8",62,"1,3",12,2,https://www.edeka24.de/Lebensmittel/Suess-Salzig/Chips-Knabbereien/Alnatura-Bio-Dinkel-Cracker-natur-100G.html,https://www.edeka24.de/out/pictures/generated/product/1/540_540_90/alnatura_bio_dinkel_cracker_natur.jpg
3213,Lebensmittel,Süß & Salzig,Chips & Knabbereien,Funny-Frisch Kichererbsenchips Joghurt Gurken Style 80G,"2,29 €","28,63 €/kg","inkl. MwSt., zzgl. 4.95 € Versandkosten.",lieferbar innerhalb von 2-5 Werktagen,2023-05-03 01:54:45.691992,"Knabbererzeugnis mit Kichererbsenmehl, Joghurt- und Gurkengeschmack",,"Verantwortliches Lebensmittelunternehmen:
Intersnack, Postfach 910460, 51074 Köln","Zutatenverzeichnis: Kichererbsenmehl (40%), Reismehl, Rapsöl, Süßkartoffelpulver, natürliches Aroma, Speisesalz, SÜßMOLKENPULVER, Zucker, Knoblauchpulver, Zwiebelpulver, Hefeextrakt, Petersilie, JOGHURTPULVER, Gewürz, Emulgator (Lecithine), Gurkenextrakt.Kann Spuren von SESAM und GLUTENHALTIGEM GETREIDE enthalten.",444,1865,16,"1,4",60,"5,2",12,"1,6",https://www.edeka24.de/Lebensmittel/Suess-Salzig/Chips-Knabbereien/Funny-Frisch-Kichererbsenchips-Joghurt-Gurken-Style-80G.html,https://www.edeka24.de/out/pictures/generated/product/1/540_540_90/ffkichchipjoghgurk.jpg
3214,Lebensmittel,Süß & Salzig,Chips & Knabbereien,Lorenz Kichererbsenchips Sour Cream & Onion 85G,"2,49 €","29,29 €/kg","inkl. MwSt., zzgl. 4.95 € Versandkosten.",lieferbar innerhalb von 2-5 Werktagen,2023-05-03 01:54:49.335917,Kichererbsen-Kartoffel-Snack mit Sauerrahm- und Zwiebel-Geschmack.,Hinweis zur Aufbewahrung: Trocken lagern. Vor Wärme schützen.,"Verantwortliches Lebensmittelunternehmen:
The Lorenz Bahlsen Snack-World GmbH & Co. KG, Rathenaustr. 54, 63263 Neu-Isenburg","Zutatenverzeichnis: Kichererbsenmehl (30 %), Reismehl, Rapsöl, Kartoffelflocken (11%), Tapiokastärke, Kartoffelstärke, Erbsenproteinisolat, Salz, Zucker, SÜSSMOLKENPULVER, Zwiebelpulver, SAUERRAHMPULVER, Petersilie, Knoblauchpulver, Aroma (enthält MILCHERZEUGNISSE), Säureregulatoren: Citronensäure, Natriumdiacetat, Calciumlactat.",1798,427,13,1,62,5,13,"2,6",https://www.edeka24.de/Lebensmittel/Suess-Salzig/Chips-Knabbereien/Lorenz-Kichererbsenchips-Sour-Cream-Onion-85G.html,https://www.edeka24.de/out/pictures/generated/product/1/540_540_90/lorenz_kichererbsenchips_sour_creamampamponion_85g.jpg
3215,Lebensmittel,Süß & Salzig,Chips & Knabbereien,Sommer Demeter Brot Chips Paprika&Chili 100G,"2,49 €","24,90 €/kg","inkl. MwSt., zzgl. 4.95 € Versandkosten.",lieferbar innerhalb von 2-5 Werktagen,2023-05-03 01:54:51.889329,Knabbergebäck,Hinweis zur Aufbewahrung: Kühl und trocken lagern,"Verantwortliches Lebensmittelunternehmen:
Sommer GmbH & Co. KG, Rudolf-Diesel-Str.5, 61267 Neu-Anspach","Zutatenverzeichnis: WEIZENVOLLKORNMEHL**, WEIZENMEHL**, Sonnenblumenöl**, Salz, Paprika* (2%), Rübenzucker**, Hefe*, Kräuter*, Knoblauch*, Chili*,Curcuma*, Rauch. *aus kontrolliert ökologischer Erzeugung **aus biodynamischer Erzeugung",1837,437,14,"1,2",64,"4,5","9,7",2,https://www.edeka24.de/Lebensmittel/Suess-Salzig/Chips-Knabbereien/Sommer-Demeter-Brot-Chips-Paprika-Chili-100G.html,https://www.edeka24.de/out/pictures/generated/product/1/540_540_90/sommerbrotchips.jpg
3216,Lebensmittel,Süß & Salzig,Chips & Knabbereien,Lorenz Rohscheiben Rosmarin 120G,"2,49 €","20,75 €/kg","inkl. MwSt., zzgl. 4.95 € Versandkosten.",lieferbar innerhalb von 2-5 Werktagen,2023-05-03 01:54:54.803187,Kartoffelchips in Schale geröstet mit Rosmarin-Würzung,,"Verantwortliches Lebensmittelunternehmen:
The Lorenz Bahlsen Snack-World GmbH & Co. KG, Rathenaustr. 54, 63263 Neu-Isenburg","Zutatenverzeichnis: Kartoffeln, Sonnenblumenöl (25 %), Rosmarin, Salz, Thymian, Petersilie, schwarzer Pfeffer, Zwiebelpulver, Zucker, Rapsöl, fermentierter Maiszucker, Rosmarinextrakt, Thymianextrakt, schwarzer Pfefferextrakt, Säureregulator: Citronensäure. Kann MILCH enthalten.",2068,494,25,2,59,"0,7","6,3","1,2",https://www.edeka24.de/Lebensmittel/Suess-Salzig/Chips-Knabbereien/Lorenz-Rohscheiben-Rosmarin-120G.html,https://www.edeka24.de/out/pictures/generated/product/1/540_540_90/lorenz_rohscheiben_rosmarin_120g.jpg
3217,Lebensmittel,Süß & Salzig,Chips & Knabbereien,Pringles Classic Paprika 185G,"3,49 €","18,86 €/kg","inkl. MwSt., zzgl. 4.95 € Versandkosten.",lieferbar innerhalb von 2-5 Werktagen,2023-05-03 01:54:58.260740,Knabbergebäck mit Paprikageschmack,Hinweis zur Aufbewahrung: Kühl und trocken lagern.,"Verantwortliches Lebensmittelunternehmen:
Kellogg's Orange Tower, MediaCityUK, Salford, Greater Manchester, M50, 2HF, UK","Zutatenverzeichnis: Kartoffelpüreepulver, Sonnenblumenöl, WEIZENMEHL, Maismehl, Reismehl, Paprika-Würzmischung (Paniermehl {WEIZEN}, Dextrose, Hefepulver, Zucker, Paprikapulver, Geschmacksverstärker {Mononatriumglutamat, Dinatriumguanylat, Dinatriuminosinat}, Zwiebelpulver, Speisesalz, Aromen, Maltodextrin, Süßmolkenpulver {MILCH}, Knoblauchpulver, Raucharomen, Farbstoff {Paprikaextrakt}, Säuerungsmittel {Citronensäure}), Maltodextrin, Emulgator (E471), Salz, Farbstoff (Annatto Norbixin).",2167,519,29,"2,7",56,"3,1","6,5","1,2",https://www.edeka24.de/Lebensmittel/Suess-Salzig/Chips-Knabbereien/Pringles-Classic-Paprika-185G.html,https://www.edeka24.de/out/pictures/generated/product/1/540_540_90/pringles_classic_paprika_185g.jpg
3218,Lebensmittel,Süß & Salzig,Chips & Knabbereien,Maretti Bruschette Sweet Basil Pesto 150G,"2,29 €","15,27 €/kg","inkl. MwSt., zzgl. 4.95 € Versandkosten.",lieferbar innerhalb von 2-5 Werktagen,2023-05-03 01:55:01.918854,-,,"Verantwortliches Lebensmittelunternehmen:
Ficosta Food EAD, BUL-9700 Shumen","Zutatenverzeichnis: WEIZENMEHL, Pflanzenöl (Sonnenblumenöl, Antioxidationsmittel: Extrakt aus Rosmarin), Maismehlzubereitung 13% (Maismehlextrudat, MAGERMILCHPULVER, GLUTEN (WEIZEN), Verdickungsmittel: Guarkernmehl; Dextrose), Pesto-Gewürz 6% (Salz, MOLKENPULVER, Dextrose, Zucker, Reismehl, KÄSEPULVER 5%, Knoblauch 5%, SAHNEPULVER, Petersilie, Maltodextrin, Stabilisatoren: Calziumphosphat, Natriumphosphat; Gewürz: Basilikum 0,7%, Säureregulator: Citronensäure; Trennmittel: Siliciumdioxid; Aromen), Salz, Zucker, Hefe. Es kann Spuren von SELLERIE aufweisen.",1906,453,14,"1,2",71,"5,5","9,1","2,0",https://www.edeka24.de/Lebensmittel/Suess-Salzig/Chips-Knabbereien/Maretti-Bruschette-Sweet-Basil-Pesto-150G.html,https://www.edeka24.de/out/pictures/generated/product/1/540_540_90/marettibrsuchette.jpg
3219,Lebensmittel,Süß & Salzig,Chips & Knabbereien,Pom-Bär Ofen Minis Sour Cream Style 80G,"1,79 €","22,38 €/kg","inkl. MwSt., zzgl. 4.95 € Versandkosten.",lieferbar innerhalb von 2-5 Werktagen,2023-05-03 01:55:04.577228,Kartoffelsnack mit Sauerrahm-Geschmack,,"Verantwortliches Lebensmittelunternehmen:
Intersnack Deutschland SE, Erna-Scheffler-Straße 3, 51103 Köln","Zutatenverzeichnis: Kartoffelpulver (65%), Kartoffelstärke, Sonnenblumenöl, WEIZENMEHL, natürliches Aroma, Zucker, Speisesalz, Emulgator(Lecithine), Hefeextrakt, Zwiebelpulver, Gewürze, Trockenmilcherzeugnis aus SAUERRAHM, Knoblauchpulver.Kann Spuren von SESAM erhalten.",1738,412,"8,2","0,8",74,12,"6,8","1,2",https://www.edeka24.de/Lebensmittel/Suess-Salzig/Chips-Knabbereien/Pom-Baer-Ofen-Minis-Sour-Cream-Style-80G.html,https://www.edeka24.de/out/pictures/generated/product/1/540_540_90/pombamp228r_ofen_minis_sour_cream_style_80g.jpg
3220,Lebensmittel,Süß & Salzig,Chips & Knabbereien,Schär Salinis 60G,"1,19 €","19,83 €/kg","inkl. MwSt., zzgl. 4.95 € Versandkosten.",lieferbar innerhalb von 2-5 Werktagen,2023-05-03 01:55:07.617918,Glutenfreie Bretzeln. Speziell formuliert für Menschen mit Glutenunverträglichkeit.,Hinweis zur Aufbewahrung: Bei Raumtemperatur trocken lagern,"Verantwortliches Lebensmittelunternehmen:
Dr. Schär AG/SPA, Winkelau 9, 39014 Burgstall/Postal (BZ) Italy","Zutatenverzeichnis: Maisstärke, Palmöl, Kartoffelstärke, Meersalz, Invertzuckersirup, Trockenhefe, Stabilisator: Carboxymethylcellulose; Emulgator: SOJALECITHIN; Backtriebmittel: Dinatriumpyrophosphat, Natriumbicarbonat. Kann Spuren von SESAMSAMEN enthalten",2022,482,21,"9,9",72,2,"0,9","2,5",https://www.edeka24.de/Lebensmittel/Suess-Salzig/Chips-Knabbereien/Schaer-Salinis-60G.html,https://www.edeka24.de/out/pictures/generated/product/1/540_540_90/schr_salinis_glutenfrei_60_g.jpg
3221,Lebensmittel,Süß & Salzig,Chips & Knabbereien,Funny-Frisch Kichererbsenchips Paprika Style 80G,"2,29 €","28,63 €/kg","inkl. MwSt., zzgl. 4.95 € Versandkosten.",lieferbar innerhalb von 2-5 Werktagen,2023-05-03 01:55:11.414604,Knabbererzeugnis mit Kichererbsenmehl und Paprikageschmack,,"Verantwortliches Lebensmittelunternehmen:
Intersnack, Postfach 910460, 51074 Köln","Zutatenverzeichnis: Kichererbsenmehl (41%), Reismehl, Rapsöl, Süßkartoffelpulver, natürliches Aroma, Speisesalz, Zucker, Hefeextrakt, Tomatenpulver, Zwiebelpulver, Paprikapulver, Chilipulver, Knoblauchpulver, Emulgator (Sonnenblumenlecithine), Säuerungsmittel (Citronensäure), Gewürz. Kann Spuren von MILCH, SESAM und GLUTENHALTIGEM GETREIDE enthalten.",445,1866,16,"1,3",60,"6,1",12,"1,8",https://www.edeka24.de/Lebensmittel/Suess-Salzig/Chips-Knabbereien/Funny-Frisch-Kichererbsenchips-Paprika-Style-80G.html,https://www.edeka24.de/out/pictures/generated/product/1/540_540_90/funnyfrisch_kichererbsenchips_paprika_style_80g.jpg
3222,Lebensmittel,Süß & Salzig,Chips & Knabbereien,Lorenz Naturals Mediterranes Gemüse 95G,"2,29 €","24,11 €/kg","inkl. MwSt., zzgl. 4.95 € Versandkosten.",lieferbar innerhalb von 2-5 Werktagen,2023-05-03 01:55:17.110490,Kartoffelchips in Schale geröstet mit mediterraner Würzung,Hinweis zur Aufbewahrung: Trocken lagern. Vor Wärme schützen.,"Verantwortliches Lebensmittelunternehmen:
The Lorenz Bahlsen Snack-World GmbH & Co. KG, Rathenaustr. 54, 63263 Neu-Isenburg","Zutatenverzeichnis: Kartoffeln, Sonnenblumenöl (30 %), Speisesalz, Paprikapulver, Zucker, Zwiebelpulver, Tomatenpulver, Dextrose, Knoblauchpulver, Petersilie, Auberginenpulver, Zucchinipulver, natürliches Aroma, färbendes Lebensmittel: Paprikaextrakt. Kann MILCH enthalten.",2158,517,30,"2,4",54,2,"5,8","2,3",https://www.edeka24.de/Lebensmittel/Suess-Salzig/Chips-Knabbereien/Lorenz-Naturals-Mediterranes-Gemuese-95G.html,https://www.edeka24.de/out/pictures/generated/product/1/540_540_90/naturals_mediterranes_gemamp252se_95g.jpg
3223,Lebensmittel,Süß & Salzig,Chips & Knabbereien,EDEKA Energy Balls Datteln Haselnuss Kakao 145G,"2,79 €","19,24 €/kg","inkl. MwSt., zzgl. 4.95 € Versandkosten.",lieferbar innerhalb von 2-5 Werktagen,2023-05-03 01:55:20.557392,"Kugeln aus zerkleinerten, getrockneten Datteln, Haselnussstückchen und Kakaopulver",Hinweis zur Aufbewahrung: Vor Wärme geschützt und trocken lagern.,"Verantwortliches Lebensmittelunternehmen:
EDEKA ZENTRALE Stiftung & Co. KG, D-22291 Hamburg","Zutatenverzeichnis: 81% getrocknete Datteln, 13% HASELNUSSSTÜCKCHEN, 6% Kakaopulver. Das Produkt kann Spuren von anderen SCHALENFRÜCHTEN, SESAM und SULFIT enthalten.",349,1462,10,"1,1","51,8","51,5","4,6","0,02",https://www.edeka24.de/Lebensmittel/Suess-Salzig/Chips-Knabbereien/EDEKA-Energy-Balls-Datteln-Haselnuss-Kakao-145G.html,https://www.edeka24.de/out/pictures/generated/product/1/540_540_90/edeka_energy_balls_datteln_haselnuss_kakao_145g.jpg
3224,Lebensmittel,Süß & Salzig,Chips & Knabbereien,Alnatura Bio Dinkel Cracker Sesam 100G,"1,39 €","13,90 €/kg","inkl. MwSt., zzgl. 4.95 € Versandkosten.",lieferbar innerhalb von 2-5 Werktagen,2023-05-03 01:55:23.595602,Bio Dinkelvollkorn-Cracker mit Sesam,Hinweis zur Aufbewahrung: Bitte trocken lagern.,"Verantwortliches Lebensmittelunternehmen:
Alnatura Produktions- und Handels GmbH, Mahatma-Gandhi-Str. 7, 64295 Darmstadt","Zutatenverzeichnis: DINKELVOLLKORNSCHROT* 81 %, SESAM* 8 %, Palmfett* ungehärtet, Meersalz,Hefe*, GERSTENMALZEXTRAKT*, Backtriebmittel: Natriumhydrogencarbonat. *aus biologischer Landwirtschaft.",1834,437,15,"7,9",58,"1,2",13,"1,8",https://www.edeka24.de/Lebensmittel/Suess-Salzig/Chips-Knabbereien/Alnatura-Bio-Dinkel-Cracker-Sesam-100G.html,https://www.edeka24.de/out/pictures/generated/product/1/540_540_90/alnatura_bio_dinkel_cracker.jpg
3225,Lebensmittel,Süß & Salzig,Chips & Knabbereien,Alnatura Bio Cashews Thai Curry 100G,"3,79 €","37,90 €/kg","inkl. MwSt., zzgl. 4.95 € Versandkosten.",lieferbar innerhalb von 2-5 Werktagen,2023-05-03 01:55:27.046693,"Bio Cashewnüsse, geröstet, gesalzen und gewürzt",Hinweis zur Aufbewahrung: Bitte trocken lagern und vor Wärme schützen.,"Verantwortliches Lebensmittelunternehmen:
Alnatura GmbH, Mahatma-Gandhi-Straße 7, 64295 Darmstadt","Zutatenverzeichnis: CASHEWNÜSSE* 97 %, Meersalz 1,5 %, Gewürzzubereitung* 1 % (Chilipulver*, Currypulver*, Zwiebelpulver*, Paprikapulver*, Ingwerpulver*, Anis* gemahlen, Rübenzucker*, Apfelfaser*), Zitronenöl* *aus biologischer Landwirtschaft . Kann Spuren von ERDNUSS, SOJA, MANDEL und anderen NÜSSEN enthalten.",2390,575,41,"8,6",30,"9,5",20,"1,2",https://www.edeka24.de/Lebensmittel/Suess-Salzig/Chips-Knabbereien/Alnatura-Bio-Cashews-Thai-Curry-100G.html,https://www.edeka24.de/out/pictures/generated/product/1/540_540_90/alnathaicash.jpg
3226,Lebensmittel,Süß & Salzig,Chips & Knabbereien,EDEKA Sunny Tomato milde Salsa 245ML,"1,89 €","7,71 €/l","inkl. MwSt., zzgl. 4.95 € Versandkosten.",lieferbar innerhalb von 2-5 Werktagen,2023-05-03 01:55:30.553509,Tomatensalsasauce mit 9% Paprika zum Dippen,Hinweis zur Aufbewahrung: Nach dem Öffnen kühl lagern und alsbaldig verbrauchen.,"Verantwortliches Lebensmittelunternehmen:
EDEKA ZENTRALE Stiftung & Co. KG, D-22291 Hamburg","Zutatenverzeichnis: 27% Tomaten in Tomatensaft (Tomaten, Tomatensaft, Speisesalz), Wasser, 20% Tomatenmark doppelt konzentriert, 7% eingelegte Kirschpaprika (Kirschpaprika, Zucker, Säuerungsmittel: Essigsäure, Citronensäure; Speisesalz, Festigungsmittel: Calciumchlorid), Zwiebeln, Zucker, 4% Paprikawürfel, Branntweinessig, Speisesalz, modifizierte Stärke, Stärke, Gewürze (enthält SENF).",306,73,"0,5","0,5","14,4","11,1","1,5","2,1",https://www.edeka24.de/Lebensmittel/Suess-Salzig/Chips-Knabbereien/EDEKA-Sunny-Tomato-milde-Salsa-245ML.html,https://www.edeka24.de/out/pictures/generated/product/1/540_540_90/esalsa_dip_mild_245ml.jpg
3227,Lebensmittel,Süß & Salzig,Chips & Knabbereien,Schär Curvies Paprika 170G,"2,89 €","17,00 €/kg","inkl. MwSt., zzgl. 4.95 € Versandkosten.",lieferbar innerhalb von 2-5 Werktagen,2023-05-03 01:55:34.723154,Glutenfreies Knabbergebäck mit Paprika-Geschmack.,Hinweis zur Aufbewahrung: Bei Raumtemperatur trocken lagern.,"Verantwortliches Lebensmittelunternehmen:
Dr. Schär AG/SPA, Winkelau 9, 39014 Burgstall/Postal (BZ) Italy","Zutatenverzeichnis: Dehydrierte Kartoffeln 55%, Sonnenblumenöl, Reismehl, Glucosesirup, Kartoffelstärke, natürliches Aroma, Emulgator: Mono- und Diglyceride von Speisefettsäuren; Rapsöl, Salz. Kann Spuren von MILCH enthalten.",2053,491,24,"1,8",61,"6,1","4,7","1,1",https://www.edeka24.de/Lebensmittel/Suess-Salzig/Chips-Knabbereien/Schaer-Curvies-Paprika-170G.html,https://www.edeka24.de/out/pictures/generated/product/1/540_540_90/schamp228r_original_curvies_paprika_170g.jpg
3228,Lebensmittel,Süß & Salzig,Chips & Knabbereien,Kühne Enjoy Knusper Erbsen Sweet Chili 100G,"2,99 €","29,90 €/kg","inkl. MwSt., zzgl. 4.95 € Versandkosten.",lieferbar innerhalb von 2-5 Werktagen,2023-05-03 01:55:38.548794,Grüne Erbsen in knuspriger Hülle mit Sweet-Chili Würzung,Hinweis zur Aufbewahrung: Achtung: Erbsen können in die Atemwege von Kleinkindern gelangen. Trocken lagern. Vor Wärme schützen.,"Verantwortliches Lebensmittelunternehmen:
Carl Kühne KG (GmbH & Co.), 22761 Hamburg","Zutatenverzeichnis: 60% grüne Erbsen, Maisstärke, WEIZENMEHL, Sonnenblumenöl, Zucker, Gewürze, Salz, Chili, Tomatenpulver, Traubenzucker, Backtriebmittel Ammoniumbicarbonat Kann Spuren von ERDNÜSSEN, NÜSSEN, SESAM und SOJA enthalten.",415,1744,11,"1,1",58,"9,9",15,1,https://www.edeka24.de/Lebensmittel/Suess-Salzig/Chips-Knabbereien/Kuehne-Enjoy-Knusper-Erbsen-Sweet-Chili-100G.html,https://www.edeka24.de/out/pictures/generated/product/1/540_540_90/khneenjoyknuspererbsweetchili.jpg
3229,Lebensmittel,Süß & Salzig,Chips & Knabbereien,Heimart Krosse Kerle Salz & Pfeffer 115G,"2,49 €","21,65 €/kg","inkl. MwSt., zzgl. 4.95 € Versandkosten.",lieferbar innerhalb von 2-5 Werktagen,2023-05-03 01:55:41.816665,Kartoffelchips in Schale geröstet mit Salz & Pfeffer,Hinweis zur Aufbewahrung: Vor Licht und Feuchtigkeit schützen.,"Verantwortliches Lebensmittelunternehmen:
Heimart & Friends GmbH, Haferwende 10a, 28357 Bremen","Zutatenverzeichnis: Kartoffeln, Sonnenblumenöl, Salz, Pfeffer.",2095,502,28,"2,6",53,"1,5","6,1","1,2",https://www.edeka24.de/Lebensmittel/Suess-Salzig/Chips-Knabbereien/Heimart-Krosse-Kerle-Salz-Pfeffer-115G.html,https://www.edeka24.de/out/pictures/generated/product/1/540_540_90/kksalpfe.jpg
3230,Lebensmittel,Süß & Salzig,Chips & Knabbereien,Heimart Krosse Kerle Tomate & Paprika 115G,"2,49 €","21,65 €/kg","inkl. MwSt., zzgl. 4.95 € Versandkosten.",lieferbar innerhalb von 2-5 Werktagen,2023-05-03 01:55:45.511439,Kartoffelchips in Schale geröstet mit Tomaten-Paprika Geschmack,Hinweis zur Aufbewahrung: Vor Licht und Feuchtigkeit schützen.,"Verantwortliches Lebensmittelunternehmen:
Heimart & Friends GmbH, Haferwende 10a, 28357 Bremen","Zutatenverzeichnis: Kartoffeln, Sonnenblumenöl, Zucker, Dextrose, Salz, Tomate, Gewürze, Zwiebel, Kartoffelstärke, Curry, Hefeextrakt, Natürliches Aroma, Zitronenfruchtpulver (Zitronensaftkonzentrat, Maltodextrin).",2174,521,28,"2,6",58,"3,8","6,3","1,2",https://www.edeka24.de/Lebensmittel/Suess-Salzig/Chips-Knabbereien/Heimart-Krosse-Kerle-Tomate-Paprika-115G.html,https://www.edeka24.de/out/pictures/generated/product/1/540_540_90/kktompap.jpg
3231,Lebensmittel,Süß & Salzig,Chips & Knabbereien,Huober Bio Bierstengel 100G,"2,29 €","22,90 €/kg","inkl. MwSt., zzgl. 4.95 € Versandkosten.",lieferbar innerhalb von 2-5 Werktagen,2023-05-03 01:55:49.396852,Stangengebäck,,"Verantwortliches Lebensmittelunternehmen:
Huober Brezel GmbH & Co., Riedstraße 1, 71729 Erdmannshausen","Zutatenverzeichnis: WEIZENMEHL* (84%), Palmfett*, Salz (3,7%), SÜSSMOLKENPULVER*, Hefe, Backmittel* (Maisquellstärke*, Sonnenblumenöl*, Branntweinessig*), Kümmel*(0,5%). *aus kontrolliert ökologischer Erzeugung",1729,410,"9,6","4,1","67,8","3,5","4,3","2,3",https://www.edeka24.de/Lebensmittel/Suess-Salzig/Chips-Knabbereien/Huober-Bio-Bierstengel-100G.html,https://www.edeka24.de/out/pictures/generated/product/1/540_540_90/bio_huober_bierstengel_100g.jpg
3232,Lebensmittel,Süß & Salzig,Chips & Knabbereien,Bio Roland Bretzeli Classic mit Salz 100G,"2,99 €","29,90 €/kg","inkl. MwSt., zzgl. 4.95 € Versandkosten.",lieferbar innerhalb von 2-5 Werktagen,2023-05-03 01:55:52.779310,Gesalzene Backware,Hinweis zur Aufbewahrung: Trocken lagern und vor wärme schützen.,"Verantwortliches Lebensmittelunternehmen:
Roland Murten AG Freiburgstrasse 49 CH-3280 Murten","Zutatenverzeichnis: WEIZENMEHL*, Salz, Sonnenblumenöl*, MAGERMILCHPULVER*, Hefe*, GERSTENMALZMEHL*, Säureregulator: Natriumhydroxid (E524). * Aus biologischer Landwirtschaft.",1670,380,"4,2","0,8",72,"4,3",12,"2,8",https://www.edeka24.de/Lebensmittel/Suess-Salzig/Chips-Knabbereien/Bio-Roland-Bretzeli-Classic-mit-Salz-100G.html,https://www.edeka24.de/out/pictures/generated/product/1/540_540_90/rolandbiobretzeli.jpg
3233,Lebensmittel,Süß & Salzig,Chips & Knabbereien,Heimatgut Bio Salsa Dip Mild Mexican 260G,"2,79 €","10,73 €/kg","inkl. MwSt., zzgl. 4.95 € Versandkosten.",lieferbar innerhalb von 2-5 Werktagen,2023-05-03 01:55:59.272689,-,,"Verantwortliches Lebensmittelunternehmen:
Heimatgut GmbH, D-20355 Hamburg","Zutatenverzeichnis: Tomaten* (79%), Zwiebeln* (7,7%), Tomatenmark* (4,8%), Branntweinessig*, grüne Paprika* (2%), Reisstärke*, Meersalz, Wasser, Knoblauch* (0,2%), Cayennepfeffer*, Antioxidationsmittel: Citronensäure * aus biologischem Anbau",133,32,"0,1","0,1","6,0","4,0","1,2","1,7",https://www.edeka24.de/Lebensmittel/Suess-Salzig/Chips-Knabbereien/Heimatgut-Bio-Salsa-Dip-Mild-Mexican-260G.html,https://www.edeka24.de/out/pictures/generated/product/1/540_540_90/bio_heimatgut_salsa_dip_mild_mexican_260g.jpg
3234,Lebensmittel,Süß & Salzig,Chips & Knabbereien,Wasa Delicate Crackers Sea Salt 180G,"3,19 €","17,72 €/kg","inkl. MwSt., zzgl. 4.95 € Versandkosten.",lieferbar innerhalb von 2-5 Werktagen,2023-05-03 01:56:02.556961,Knäckebrot-Cracker,Hinweis zur Aufbewahrung: Trocken und vor Licht geschützt aufbewahren.,"Verantwortliches Lebensmittelunternehmen:
Barilla Deutschland GmbH, Bereich Wasa, Wasastraße 10, D-29229 Celle","Zutatenverzeichnis: WEIZENMEHL, Kartoffelmehl, Olivenöl (6,6%), pflanzliches Palmfett und Palmöl (6,6 %), MAGERMILCHPULVER, Kartoffelstärke, modifizierte Maisstärke, Glukosesirup, MILCHEIWEIß, Meersalz (2%), Salz, Backtriebmittel: (Ammoniumhydrogencarbonat). kann Spuren von EIERN, SCHALENFRÜCHTEN und SOJA enthalten.",433,1822,13,"3,9","67,5",11,9,"2,2",https://www.edeka24.de/Lebensmittel/Suess-Salzig/Chips-Knabbereien/Wasa-Delicate-Crackers-Sea-Salt-180G.html,https://www.edeka24.de/out/pictures/generated/product/1/540_540_90/wasadelicatecrackersseasalt.jpg
3235,Lebensmittel,Süß & Salzig,Chips & Knabbereien,Heimart Krosse Kerle Sauerrahm & Lauchzwiebel 115G,"2,49 €","21,65 €/kg","inkl. MwSt., zzgl. 4.95 € Versandkosten.",lieferbar innerhalb von 2-5 Werktagen,2023-05-03 01:56:06.085861,Kartoffelchips in Schale geröstet mit Sauerrahm- und Lauchzwiebelgeschmack,Hinweis zur Aufbewahrung: Vor Licht und Feuchtigkeit schützen.,"Verantwortliches Lebensmittelunternehmen:
Heimart & Friends GmbH, Haferwende 10a, 28357 Bremen","Zutatenverzeichnis: Kartoffeln, Sonnenblumenöl, MOLKEPULVER, Salz, JOGHURTPULVER, Traubenzucker, BUTTERPULVER, SAUERRAHMPULVER, Säuerungsmittel (Milchsäure, Calciumlaktat, Zitronensäure) Petersilie, Säureregulator (Natriumdiacetat), Knoblauchpulver, Hefeextrakt, natürliches Aroma.",2095,502,28,"2,6",53,"2,9","6,3","1,5",https://www.edeka24.de/Lebensmittel/Suess-Salzig/Chips-Knabbereien/Heimart-Krosse-Kerle-Sauerrahm-Lauchzwiebel-115G.html,https://www.edeka24.de/out/pictures/generated/product/1/540_540_90/kksaulau.jpg
3236,Lebensmittel,Süß & Salzig,Chips & Knabbereien,Rila Bio Vollkorn Grissini 125G,"1,69 €","13,52 €/kg","inkl. MwSt., zzgl. 4.95 € Versandkosten.",lieferbar innerhalb von 2-5 Werktagen,2023-05-03 01:56:09.185499,Gebäckstangen aus Vollkornmehl,Hinweis zur Aufbewahrung: Trocken lagern und nach Anbruch gut verschliessen.,"Verantwortliches Lebensmittelunternehmen:
Rila Bio-Vollwertkost, 32351 Stemwede","Zutatenverzeichnis: WEIZEN-VOLLKORNMEHL*, Hefe, natives Olivenöl extra* (3,9%), GERSTENMALZEXTRAKT*, Jodsalz (Speisesalz, Kaliumjodat), WEIZENGLUTEN*. Im Produktionsbetrieb werden auch SESAM und SOJA verarbeitet. *aus kontrolliert ökologischem Anbau",1649,391,6,"1,1",66,"2,1",14,"2,2",https://www.edeka24.de/Lebensmittel/Suess-Salzig/Chips-Knabbereien/Rila-Bio-Vollkorn-Grissini-125G.html,https://www.edeka24.de/out/pictures/generated/product/1/540_540_90/-4013200404598_iq.jpg
3237,Lebensmittel,Süß & Salzig,Chips & Knabbereien,Bio Mayka Sesam-Dinkelbrezel 125G,"2,29 €","18,32 €/kg","inkl. MwSt., zzgl. 4.95 € Versandkosten.",lieferbar innerhalb von 2-5 Werktagen,2023-05-03 01:56:12.456042,Sesam Dinkelbrezeln,Hinweis zur Aufbewahrung: trocken lagern,"Verantwortliches Lebensmittelunternehmen:
MAYKA Naturbackwaren GmbH Brezelstraße 17 D-79418 Schliengen","Zutatenverzeichnis: Dinkelvollkornmehl (WEIZEN)*, SESAM* ungeschält (5 %), Palmfett*, Meersalz, GERSTEnmalzmehl*, SOJAmehl*, Gewürze*(Rosmarin*,Thymian*, Bohnenkraut*, Oregano*, Lorbeer*,Basilikum*), Säureregulator: Natriumhydroxid. *aus kontrolliert biologischem Anbau.",1677,399,11,"3,2",56,"2,0",14,"2,4",https://www.edeka24.de/Lebensmittel/Suess-Salzig/Chips-Knabbereien/Bio-Mayka-Sesam-Dinkelbrezel-125G.html,https://www.edeka24.de/out/pictures/generated/product/1/540_540_90/bio_mayka_sesamdinkelbrezel_125g.jpg
3238,Lebensmittel,Süß & Salzig,Chips & Knabbereien,Sommer Demeter Brot Chips Salz&Pfeffer 100G,"2,49 €","24,90 €/kg","inkl. MwSt., zzgl. 4.95 € Versandkosten.",lieferbar innerhalb von 2-5 Werktagen,2023-05-03 01:56:18.052891,Knabbergebäck,Hinweis zur Aufbewahrung: Kühl und trocken lagern,"Verantwortliches Lebensmittelunternehmen:
Sommer GmbH & Co. KG, Rudolf-Diesel-Str.5, 61267 Neu-Anspach","Zutatenverzeichnis: WEIZENVOLLKORNMEHL**, WEIZENMEHL**, Sonnenblumenöl**, Salz, Hefe*, schwarzer Pfeffer*, rosa Beeren*, Zwiebel*. *aus kontrolliert ökologischer Erzeugung, **aus biodynamischer Erzeugung",1837,437,14,"1,2",64,3,"9,7",2,https://www.edeka24.de/Lebensmittel/Suess-Salzig/Chips-Knabbereien/Sommer-Demeter-Brot-Chips-Salz-Pfeffer-100G.html,https://www.edeka24.de/out/pictures/generated/product/1/540_540_90/demeter_sommer_brot_chips_salzpfeffer_100g.jpg
3239,Lebensmittel,Süß & Salzig,Chips & Knabbereien,Schär Salti mit Meersalz 175G,"3,29 €","18,80 €/kg","inkl. MwSt., zzgl. 4.95 € Versandkosten.",lieferbar innerhalb von 2-5 Werktagen,2023-05-03 01:56:21.751680,Glutenfreie Crackers. Speziell formuliert für Menschen mit Glutenunverträglichkeit.,Hinweis zur Aufbewahrung: Bei Raumtemperatur trocken lagern.,"Verantwortliches Lebensmittelunternehmen:
Dr. Schär AG/SPA, Winkelau 9, 39014 Burgstall/Postal (BZ) Italy","Zutatenverzeichnis: Maisstärke, Palmöl, Maismehl, Zucker, SOJAMEHL, Dextrose, modifizierte Maisstärke, Backtriebmittel: Ammoniumhydrogencarbonat, Monokaliumtartrat, Natriumhydrogencarbonat; Meersalz 2,3%, Emulgator: SOJALECITHIN; Verdickungsmittel: Guarkernmehl; Säuerungsmittel: Zitronensäure; natürliches Aroma. Kann Spuren von LUPINEN enthalten. LAKTOSEFREI.",1861,442,13,"5,9",78,"7,4","2,3","2,3",https://www.edeka24.de/Lebensmittel/Suess-Salzig/Chips-Knabbereien/Schaer-Salti-mit-Meersalz-175G.html,https://www.edeka24.de/out/pictures/generated/product/1/540_540_90/schr_salti_salzgebck_glutenfrei_175g.jpg
3240,Lebensmittel,Süß & Salzig,Gebäck-Kekse-Waffeln,Lambertz Gebäckmischung Composition 1KG,"10,99 €","10,99 €/kg","inkl. MwSt., zzgl. 4.95 € Versandkosten.",lieferbar innerhalb von 2-5 Werktagen,2023-05-03 01:56:25.586411,-,,"Verantwortliches Lebensmittelunternehmen:
Aachener Printen- Schokoladenfabrik Henry Lambertz GmbH & Co. KG, D-52001 Aachen","Zutatenverzeichnis: WEIZENMEHL, Zucker, pflanzliche Fette (Palm, Kokos), Kakaomasse, Kakaobutter, BUTTERREINFETT, Kandisfarinzucker, Invertzuckersirup, WEIZENSTÄRKE, MAGERMILCHPULVER, VOLLMILCHPULVER, pflanzliche Öle (Raps, Sonnenblume), SÜßMOLKENPULVER, fettarmes Kakaopulver, Emulgatoren: Lecithine (enthält SOJA), Mono- und Diglyceride von Speisefettsäuren; MILCHZUCKER, Kokosraspeln, flüssiges HÜHNEREIEIWEIß, Dextrose, HASELNÜSSE, modifizierte Stärke, kandierte Orangenschalen (Orangenschalen, Glukose-Fruktose-Sirup, Zucker, Säuerungsmittel: Citronensäure), VOLLEIPULVER, Salz, Backtriebmittel: Natriumcarbonate, Diphosphate, Ammoniumcarbonate; Glukosesirup, natürliches Aroma, Kaffeepulver, Puffreis, HÜHNERTROCKENEIEIWEIß, MILCHEIWEIß, flüssiges HÜHNEREIEIGELB, Farbstoff: Beta-Carotin. Kann andere SCHALENFRÜCHTE, ERDNÜSSE, LUPINE und SESAM enthalten.",2155,515,"26,4","14,2","62,4","32,1","5,8","0,2",https://www.edeka24.de/index.php?cl=details&anid=816841c59919b2e42d0c2d5eb7b005cf&emcs0=3&emcs1=Kategorieseite%20-%20Topseller&emcs2=&emcs3=3988553009,https://www.edeka24.de/out/pictures/generated/product/1/540_540_90/lambertz_gebamp228ckmischung_composition_1kg.jpg
3241,Lebensmittel,Süß & Salzig,Gebäck-Kekse-Waffeln,Bio Naturally Pam Nut Cluster Crunchy Cocoa 90G,"3,50 €","38,89 €/kg","inkl. MwSt., zzgl. 4.95 € Versandkosten.",lieferbar innerhalb von 2-5 Werktagen,2023-05-03 01:56:28.477898,"Bio Würfel mit Haselnüssen, Mandeln und Kakaonibs",,"Verantwortliches Lebensmittelunternehmen:
Naturally Pam GmbH, DE-20459 Hamburg","Zutatenverzeichnis: HASELNÜSSE 31%, MANDELN 31%, Reissirup, Inulin, Kakaonibs 6%, Reismehl, Salz. Kann Spuren von ERDNÜSSEN, SOJA, MILCH, anderen SCHALENFRÜCHTEN und SESAM enthalten. Alle Zutaten, bis auf Salz, sind aus kontrolliert biologischem Anbau.",2285,551,"38,8","4,7","31,3","15,3","12,2","0,69",https://www.edeka24.de/index.php?cl=details&anid=c867a4ba2a68149cfc4a6c6772771a69&emcs0=3&emcs1=Kategorieseite%20-%20Topseller&emcs2=&emcs3=5037833009,https://www.edeka24.de/out/pictures/generated/product/1/540_540_90/7c026ff4-c4d2-4ab8-abe3-1477be357c47.jpg
3242,Lebensmittel,Süß & Salzig,Gebäck-Kekse-Waffeln,Ferrero Hanuta 220G,"2,79 €","12,68 €/kg","inkl. MwSt., zzgl. 4.95 € Versandkosten.",lieferbar innerhalb von 2-5 Werktagen,2023-05-03 01:56:31.490300,Haselnuss-Schnitte.,Hinweis zur Aufbewahrung: Kühl und trocken aufbewahren,"Verantwortliches Lebensmittelunternehmen:
Ferrero, 60624 Frankfurt am Main","Zutatenverzeichnis: Zucker, pflanzliche Fette (Palm, Shea), WEIZENMEHL (13,5 %),HASELNÜSSE (13 %), SÜSSMOLKENPULVER, fettarmer Kakao,VOLLMILCHSCHOKOLADE (Zucker, VOLLMILCHPULVER, Kakaobutter,Kakaomasse, Emulgator Lecithine (SOJA), Vanillin),MAGERMILCHPULVER, BUTTERREINFETT, Aromen, Salz,Halbbitterschokolade (Zucker, Kakaomasse, Kakaobutter, EmulgatorLecithine (SOJA), Vanillin); Emulgator Lecithine (SOJA),Traubenzucker, Backtriebmittel Natriumhydrogencarbonat, Vanillin.",2260,542,"31,9","18,6",54,"42,6","7,6","0,432",https://www.edeka24.de/Lebensmittel/Suess-Salzig/Gebaeck-Kekse-Waffeln/Ferrero-Hanuta-220G.html,https://www.edeka24.de/out/pictures/generated/product/1/540_540_90/3557_front.jpg
3243,Lebensmittel,Süß & Salzig,Gebäck-Kekse-Waffeln,Leibniz Choco Vollmilch Kekse 125G,"1,59 €","12,72 €/kg","inkl. MwSt., zzgl. 4.95 € Versandkosten.",lieferbar innerhalb von 2-5 Werktagen,2023-05-03 01:56:34.475013,Butterkeks mit Vollmilchschokolade (63 %),Hinweis zur Aufbewahrung: Kühl und trocken lagern.,"Verantwortliches Lebensmittelunternehmen:
Bahlsen GmbH & Co. KG, Podbielskistraße 11, D-30163 Hannover","Zutatenverzeichnis: Zucker, WEIZENMEHL, Kakaobutter, Kakaomasse, MAGERMILCHPULVER, BUTTER (3,7%), MOLKENERZEUGNIS, BUTTERREINFETT, Glukosesirup, MILCHZUCKER, Emulgator: Lecithine (SOJA)",2115,505,25,16,61,41,"7,5","0,64",https://www.edeka24.de/Lebensmittel/Suess-Salzig/Gebaeck-Kekse-Waffeln/Leibniz-Choco-Vollmilch-Kekse-125G.html,https://www.edeka24.de/out/pictures/generated/product/1/540_540_90/leibnizzorigchocvm.jpg
3244,Lebensmittel,Süß & Salzig,Gebäck-Kekse-Waffeln,Milka Tender Milch Minis 150G,"2,49 €","16,60 €/kg","inkl. MwSt., zzgl. 4.95 € Versandkosten.",lieferbar innerhalb von 2-5 Werktagen,2023-05-03 01:56:37.616097,"Biskuit-Rolle mit einer Milchcrèmefüllung (22 %), überzogen mit Alpenmilchschokolade (29 %).",Hinweis zur Aufbewahrung: Trocken lagern und vor Wärme schützen.,"Verantwortliches Lebensmittelunternehmen:
Mondelez Deutschland, D-28078 Bremen","Zutatenverzeichnis: Zucker, WEIZENMEHL, EIER, Glukosesirup, Feuchthaltemittel (Sorbit, Glycerin), pflanzliche Fette (Palme, Palmkern), MAGERMILCHPULVER, Kakaobutter, Kakaomasse, Molkenpulver (aus MILCH), WEIZENSTÄRKE, MILCHFETT, VOLLMILCHPULVER, Glukose-Fruktose-Sirup, Rapsöl, Alkohol, Emulgatoren (SOJALECITHINE, E471, E475, E476), Backtriebmittel (Diphosphate, Natriumcarbonate), Speisesalz, Aromen, Verdickungsmittel (Xanthangummi). Kann NÜSSE enthalten.",1905,454,19,11,65,37,"7,1","0,58",https://www.edeka24.de/Lebensmittel/Suess-Salzig/Gebaeck-Kekse-Waffeln/Milka-Tender-Milch-Minis-150G.html,https://www.edeka24.de/out/pictures/generated/product/1/540_540_90/milka_tender_milch_minis_150g.jpg
3245,Lebensmittel,Süß & Salzig,Gebäck-Kekse-Waffeln,Nestle Choco Crossies Classic 2x75G,"2,29 €","15,27 €/kg","inkl. MwSt., zzgl. 4.95 € Versandkosten.",lieferbar innerhalb von 2-5 Werktagen,2023-05-03 01:56:40.227813,"Knusperpralinen mit Milchschokolade (72 %), Cornflakes (24 %) und Mandeln (4 %).",Hinweis zur Aufbewahrung: Trocken lagern. Vor Wärme schützen.,"Verantwortliches Lebensmittelunternehmen:
Nestlé Deutschland AG, 60523 Frankfurt am Main","Zutatenverzeichnis: Zucker, Cornflakes (Mais, Zucker, Salz, GERSTENMALZEXTRAKT), Kakaobutter, Kakaomasse, MAGERMILCHPULVER, MANDELN, MOLKENERZEUGNIS, BUTTERREINFETT, Emulgator Sonnenblumenlecithine, natürliches Vanillearoma. Kann enthalten: ANDERE NÜSSE.",515,2153,"26,6","13,9","59,9","38,7","7,1","0,8",https://www.edeka24.de/Lebensmittel/Suess-Salzig/Gebaeck-Kekse-Waffeln/Nestle-Choco-Crossies-Classic-2x75G.html,https://www.edeka24.de/out/pictures/generated/product/1/540_540_90/nestle_choco_crossies_classic.jpg
3246,Lebensmittel,Süß & Salzig,Gebäck-Kekse-Waffeln,De Beukelaer Prinzen Rolle Schoko 400G,"2,29 €","5,73 €/kg","inkl. MwSt., zzgl. 4.95 € Versandkosten.",lieferbar innerhalb von 2-5 Werktagen,2023-05-03 01:56:42.946528,-,,"Verantwortliches Lebensmittelunternehmen:
Griesson - De Beukelaer, D-56751 Polch","Zutatenverzeichnis: WEIZENMEHL, Zucker, pflanzliche Fette (Palm, Palmkern, Kokos, Sonnenblume in veränderlichen Gewichtsanteilen), WEIZENSTÄRKE, fettarmes Kakaopulver° (5,5%), Glukosesirup, Vollmilchschokolade (2,3%) (Zucker, Kakaomasse°, MAGERMILCHPULVER, Kakaobutter°, BUTTERREINFETT, Emulgator (Lecithine)), Backtriebmittel (Ammoniumhydrogencarbonat, Natriumhydrogencarbonat), Salz, MAGERMILCHPULVER, Emulgator (Lecithine), MOLKENERZEUGNIS, Säureregulator (Natriumcarbonat). Kann Spuren enthalten von: SCHALENFRÜCHTEN, SOJA. °Rainforest Alliance Certified. Mehr auf ra.org.",1918,457,18,"9,8",65,30,"6,8","0,33",https://www.edeka24.de/Lebensmittel/Suess-Salzig/Gebaeck-Kekse-Waffeln/De-Beukelaer-Prinzen-Rolle-Schoko-400G.html,https://www.edeka24.de/out/pictures/generated/product/1/540_540_90/de_beukelaer_prinzen_rolle_schoko_400g.jpg
3247,Lebensmittel,Süß & Salzig,Gebäck-Kekse-Waffeln,Leibniz Pick UP! Mini Choco 127G,"2,69 €","21,18 €/kg","inkl. MwSt., zzgl. 4.95 € Versandkosten.",lieferbar innerhalb von 2-5 Werktagen,2023-05-03 01:56:45.997696,Milchschokoladentafel (41 %) im Gebäck-Sandwich,"Hinweis zur Aufbewahrung: Trocken lagern, vor Wärme schützen.","Verantwortliches Lebensmittelunternehmen:
BAHLSEN, 30001 HANNOVER","Zutatenverzeichnis: WEIZENMEHL, Zucker, Kakaobutter, Palmöl, Kakaomasse, VOLLMILCHPULVER, Glukosesirup, MAGERMILCHPULVER, BUTTERREINFETT, Backtriebmittel: Natriumcarbonate, Diphosphate; Salz, Emulgator: Lecithine (SOJA); MOLKENERZEUGNIS, Aromen (MILCH), Stärke (WEIZEN), gemahlene HASELNÜSSE, Säuerungsmittel: Citronensäure; HÜHNEREIGELBPULVER.",510,2133,25,14,63,36,"6,6","0,48",https://www.edeka24.de/Lebensmittel/Suess-Salzig/Gebaeck-Kekse-Waffeln/Leibniz-Pick-UP-Mini-Choco-127G.html,https://www.edeka24.de/out/pictures/generated/product/1/540_540_90/pickupchoco.jpg
3248,Lebensmittel,Süß & Salzig,Gebäck-Kekse-Waffeln,Alnatura Bio Honig Waffeln 175G,"1,79 €","10,23 €/kg","inkl. MwSt., zzgl. 4.95 € Versandkosten.",lieferbar innerhalb von 2-5 Werktagen,2023-05-03 01:56:49.315286,-,Hinweis zur Aufbewahrung: Bitte trocken lagern und vor Wärme schützen.,"Verantwortliches Lebensmittelunternehmen:
Alnatura GmbH, Mahatma-Gandhi-Straße 7, 64295 Darmstadt","Zutatenverzeichnis: Glukosesirup*, WEIZENMEHL*, Palmfett*, Getreidemalzsirup* (GERSTE*, Mais*), Honig* 8 %, WEIZENKLEIE*, Backtriebmittel: Natriumhydrogencarbonat (Natron), SOJAMEHL*, VOLLEIPULVER*, Meersalz, Zimt* *aus biologischer Landwirtschaft . Kann Spuren von MILCH und HASELNUSS enthalten.",1968,469,18,"8,4",72,34,4,1,https://www.edeka24.de/Lebensmittel/Suess-Salzig/Gebaeck-Kekse-Waffeln/Alnatura-Bio-Honig-Waffeln-175G.html,https://www.edeka24.de/out/pictures/generated/product/1/540_540_90/alnatura_bio_honig_waffeln.jpg
3249,Lebensmittel,Süß & Salzig,Gebäck-Kekse-Waffeln,Alnatura Bio Schoko Reis Waffeln Vollmilch 100G,"1,29 €","12,90 €/kg","inkl. MwSt., zzgl. 4.95 € Versandkosten.",lieferbar innerhalb von 2-5 Werktagen,2023-05-03 01:56:52.613014,Bio Reiswaffeln mit Vollmilchschokolade,Hinweis zur Aufbewahrung: Bitte trocken lagern und vor Wärme schützen.,"Verantwortliches Lebensmittelunternehmen:
Alnatura GmbH, Mahatma-Gandhi-Straße 7, 64295 Darmstadt","Zutatenverzeichnis: Vollmilchschokolade* 60 % (Rohrohrzucker*, Kakaobutter*, VOLLMILCHPULVER*, Kakaomasse*), Vollkornreis* 40% *aus biologischer Landwirtschaft. Kann Spuren von SOJA enthalten.",2119,506,26,16,60,28,"6,9","0,11",https://www.edeka24.de/Lebensmittel/Suess-Salzig/Gebaeck-Kekse-Waffeln/Alnatura-Bio-Schoko-Reis-Waffeln-Vollmilch-100G.html,https://www.edeka24.de/out/pictures/generated/product/1/540_540_90/alnaturaschokoreiswaffelnvm.jpg
3250,Lebensmittel,Süß & Salzig,Gebäck-Kekse-Waffeln,EDEKA Bio Hafer-Cookies mit Schokolade 200G,"1,69 €","8,45 €/kg","inkl. MwSt., zzgl. 4.95 € Versandkosten.",lieferbar innerhalb von 2-5 Werktagen,2023-05-03 01:56:55.865645,Vollkorngebäck mit Vollmilchschokoladenboden,"Hinweis zur Aufbewahrung: Kühl und trocken lagern, nach dem Öffnen luftdicht verschließen","Verantwortliches Lebensmittelunternehmen:
EDEKA ZENTRALE Stiftung & Co. KG, D-22291 Hamburg","Zutatenverzeichnis: 30% HAFERFLOCKEN*, 25% VOLLMILCHSCHOKOLADE* (Zucker*, Kakaobutter*, VOLLMILCHPULVER*, Kakaomasse*, Emulgator: Lecithine*) Zucker*, Palmfett*, 11% WEIZENVOLLKORNMEHL*, Invertzuckersirup, Speisesalz, Backtriebmittel: Natriumcarbonate; Zuckerrübensirup*, natürliches Vanilliearoma*. *aus kontrolliert ökologischer Landwirtschaft Das Prdoukt kann Spuren von EIERN, ERDNÜSSEN, SOJA, SESAM und LUPINEN enthalten.",2109,504,"25,7","12,1","58,8","32,8","7,1","0,61",https://www.edeka24.de/Lebensmittel/Suess-Salzig/Gebaeck-Kekse-Waffeln/EDEKA-Bio-Hafer-Cookies-mit-Schokolade-200G.html,https://www.edeka24.de/out/pictures/generated/product/1/540_540_90/bio_edeka_hafercookie_mit_schokolade_200g.jpg
3251,Lebensmittel,Süß & Salzig,Gebäck-Kekse-Waffeln,Leibniz Black`n White Kekse 125G,"1,59 €","12,72 €/kg","inkl. MwSt., zzgl. 4.95 € Versandkosten.",lieferbar innerhalb von 2-5 Werktagen,2023-05-03 01:56:58.828783,Kakaokeks mit weißer Schokolade (48 %),Hinweis zur Aufbewahrung: Kühl und trocken lagern.,"Verantwortliches Lebensmittelunternehmen:
Bahlsen GmbH & Co. KG, Podbielskistraße 11, D-30163 Hannover","Zutatenverzeichnis: Zucker, WEIZENMEHL, Kakaobutter, Palmöl, VOLLMILCHPULVER, Glukosesirup, BUTTERREINFETT, fettarmes Kakaopulver (1,1%), Emulgator: Lecithine (SOJA)",2126,508,25,15,65,42,"5,1","0,53",https://www.edeka24.de/Lebensmittel/Suess-Salzig/Gebaeck-Kekse-Waffeln/Leibniz-Black-n-White-Kekse-125G.html,https://www.edeka24.de/out/pictures/generated/product/1/540_540_90/leibnizbacknwhite.jpg
3252,Lebensmittel,Süß & Salzig,Gebäck-Kekse-Waffeln,EDEKA Chocolate Cream Cookies 210G,"1,59 €","7,57 €/kg","inkl. MwSt., zzgl. 4.95 € Versandkosten.",lieferbar innerhalb von 2-5 Werktagen,2023-05-03 01:57:03.497903,"Kekse mit 28,4% kakaohaltiger Füllung, 12,4% Schokoladenstückchen, teilweise umhüllt mit 20% Vollmilchschokolade.",,"Verantwortliches Lebensmittelunternehmen:
EDEKA ZENTRALE Stiftung & Co. KG, D-22291 Hamburg","Zutatenverzeichnis: Kakaohaltige Füllung (Zucker, fettarmes Kakaopulver*, Sonnenblumenöl, Sheabutter, Kokosfett, MAGERMILCHPULVER, Kakaomasse*, Emulgator: Lecithine), VOLLMILCHSCHOKOLADE (Zucker, VOLLMILCHPULVER), Kakaobutter*, Kakaomasse*, Emulgator: Lecithine), WEIZENMEHL, Schokoladenstücken (Zucker, Kakaomasse*, Glukosesirup, Kakaobutter*, Emulgator: Lecithine), Zucker, Palmöl, HAFERMEHL, BUTTER, Sonnenblumenöl, EIPULVER, LAKTOSE, Backtriebmittel: Diphosphate, Natriumcarbonate; Speisesalz, natürliches Aroma. Das Produkt kann Spuren von SCHALENFRÜCHTEN enthalten. *Rainforest Alliance-zertifiziert",2128,509,"27,8","11,5",57,"43,3","5,8","0,46",https://www.edeka24.de/Lebensmittel/Suess-Salzig/Gebaeck-Kekse-Waffeln/EDEKA-Chocolate-Cream-Cookies-210G.html,https://www.edeka24.de/out/pictures/generated/product/1/540_540_90/edeka_chocolate_cream_cookies_210g.jpg
3253,Lebensmittel,Süß & Salzig,Gebäck-Kekse-Waffeln,Griesson Soft Cake Zartbitter-Orange 300G,"1,59 €","5,30 €/kg","inkl. MwSt., zzgl. 4.95 € Versandkosten.",lieferbar innerhalb von 2-5 Werktagen,2023-05-03 01:57:06.976725,Zartes Gebäck mit 55% fruchtiger Füllung (aus 20% Orangensaft) und Schokolade (17%),Hinweis zur Aufbewahrung: Vor Wärme schützen. Trocken lagern. Nach dem Öffnen innerhalb weniger Tage verzehren.,"Verantwortliches Lebensmittelunternehmen:
Griesson - de Beukelaer GmbH & Co. KG, August-Horch-Str. 23, D-56751 Polch","Zutatenverzeichnis: Zucker, Glukose-Fruktose-Sirup, Orangensaft aus Orangensaftkonzentrat (11%), WEIZENMEHL, Kakaomasse, FLÜSSIGES VOLLEI (6%), Palmfett, Kakaobutter, Stabilisator (Sorbitsirup), WEIZENSTÄRKE, Geliermittel (Pektin), Säuerungsmittel (Citronensäure), Emulgatoren (E471, SOJALECITHINE), Tapiokastärke, Backtriebmittel (Ammoniumhydrogencarbonat, Natriumhydrogencarbonat), Aromen, Säureregulator (Mononatirumcitrat), Salz.Kann Spuren enthalten von: SCHALENFRÜCHTEN, MILCH.",381,1607,10,6,69,52,3,"0,15",https://www.edeka24.de/Lebensmittel/Suess-Salzig/Gebaeck-Kekse-Waffeln/Griesson-Soft-Cake-Zartbitter-Orange-300G.html,https://www.edeka24.de/out/pictures/generated/product/1/540_540_90/griesson_soft_cake_zartbitterorange.jpg
3254,Lebensmittel,Süß & Salzig,Gebäck-Kekse-Waffeln,Griesson Soft Cake Kirsch 300G,"1,59 €","5,30 €/kg","inkl. MwSt., zzgl. 4.95 € Versandkosten.",lieferbar innerhalb von 2-5 Werktagen,2023-05-03 01:57:11.039470,Zartes Gebäck mit 55% fruchtiger Füllung (aus 17% Kirschsaft) mit weißer Schokolade (16%) und Zartbitterschokolade (3%),Hinweis zur Aufbewahrung: Vor Wärme schützen. Trocken lagern. Nach dem Öffnen innerhalb weniger Tage verzehren.,"Verantwortliches Lebensmittelunternehmen:
Griesson - de Beukelaer GmbH & Co. KG, August-Horch-Str. 23, D-56751 Polch","Zutatenverzeichnis: Zucker, Glukose-Fruktose-Sirup, Kirschsaft aus Kirschsaftkonzentrat (10%), WEIZENMEHL, Kakaobutter, FLÜSSIGES VOLLEI (6%), MAGERMILCHPULVER, Palmfett, Stabilisator (Sorbitsirup), Kakaomasse, BUTTERREINFETT, WEIZENSTÄRKE, Geliermittel (Pektin), Säuerungsmittel (Citronensäure), Emulgatoren (E471, SOJALECITHINE), Tapiokastärke, Backtriebmittel (Ammoniumhydrogencarbonat, Natriumhydrogencarbonat), Aromen, Säureregulator (Mononatriumcitrat), Salz.Kann Spuren enthalten von: SCHALENFRÜCHTEN.",381,1607,10,6,69,52,3,"0,18",https://www.edeka24.de/Lebensmittel/Suess-Salzig/Gebaeck-Kekse-Waffeln/Griesson-Soft-Cake-Kirsch-300G.html,https://www.edeka24.de/out/pictures/generated/product/1/540_540_90/softcakekirsche.jpg
3255,Lebensmittel,Süß & Salzig,Gebäck-Kekse-Waffeln,Leibniz Keks'n Cream Choco 228G,"1,99 €","8,73 €/kg","inkl. MwSt., zzgl. 4.95 € Versandkosten.",lieferbar innerhalb von 2-5 Werktagen,2023-05-03 01:57:15.149753,Butterkeks mit Schokoladencremefüllung (47 %); Schokolade 3 %,Hinweis zur Aufbewahrung: Kühl und trocken lagern.,"Verantwortliches Lebensmittelunternehmen:
BAHLSEN, 30001 HANNOVER","Zutatenverzeichnis: WEIZENMEHL, Zucker, pflanzliche Fette (Palm), BUTTER (6,3 %), fettarmes Kakaopulver (3,4 %), Stärke (WEIZEN), Invertzuckersirup, MOLKENERZEUGNIS, Kakaomasse, Backtriebmittel: Diphosphate, Natriumcarbonate; Kakaobutter, VOLLMILCHPULVER, Salz, Emulgator: Lecithine; Säuerungsmittel: Citronensäure; Aromen (MILCH), HÜHNERVOLLEIPULVER. Auf der Anlage werden auch verarbeitet: SOJA, MANDELN, HASELNÜSSE.",2187,523,28,21,61,28,"5,5","0,83",https://www.edeka24.de/Lebensmittel/Suess-Salzig/Gebaeck-Kekse-Waffeln/Leibniz-Keks-n-Cream-Choco-228G.html,https://www.edeka24.de/out/pictures/generated/product/1/540_540_90/leibnizzkekscreamchoc.jpg
3256,Lebensmittel,Süß & Salzig,Gebäck-Kekse-Waffeln,Leibniz Choco Edelherb Kekse 125G,"1,59 €","12,72 €/kg","inkl. MwSt., zzgl. 4.95 € Versandkosten.",lieferbar innerhalb von 2-5 Werktagen,2023-05-03 01:57:18.937122,Butterkeks mit edelherber Schokolade (63 %),"Hinweis zur Aufbewahrung: Trocken lagern, vor Wärme schützen.","Verantwortliches Lebensmittelunternehmen:
Bahlsen GmbH & Co. KG, Podbielskistraße 11, D-30163 Hannover","Zutatenverzeichnis: Zucker, Kakaomasse, WEIZENMEHL (26%) Kakaobutter, BUTTER (3,7 %), Glukosesirup, MOLKENERZEUGNIS, BUTTERREINFETT, Backtriebmittel: Natriumcarbonate, Diphosphate; Emulgator: Lecithine (SOJA); VOLLMILCHPULVER, Salz, Säuerungsmittel: Citronensäure; Aromen, HÜHNEREIGELBPULVER. Auf der Anlage werden auch verarbeitet: MANDELN, HASELNÜSSE.",2081,498,25,16,58,33,"7,2","0,53",https://www.edeka24.de/Lebensmittel/Suess-Salzig/Gebaeck-Kekse-Waffeln/Leibniz-Choco-Edelherb-Kekse-125G.html,https://www.edeka24.de/out/pictures/generated/product/1/540_540_90/leibniz_choco_edelherb_kekse_125g.jpg
3257,Lebensmittel,Süß & Salzig,Gebäck-Kekse-Waffeln,EDEKA Cookies Mandel-Milchschokolade 180G,"1,89 €","10,50 €/kg","inkl. MwSt., zzgl. 4.95 € Versandkosten.",lieferbar innerhalb von 2-5 Werktagen,2023-05-03 01:57:22.390561,-,,"Verantwortliches Lebensmittelunternehmen:
EDEKA ZENTRALE Stiftung & Co. KG, D-22291 Hamburg","Zutatenverzeichnis: WEIZENMEHL, Milchschokolade (Zucker, VOLLMILCHPULVER, Kakaobutter, Kakaomasse, Glukosesirup, MAGERMILCHPULVER, Emulgator: Lecithine; naturliches Aroma), Zucker, pflanzliche Öle (Palm, Sonnenblume), geschälte MANDELN, HAFERMEHL, BUTTER, Glukose-Fruktose-Sirup, LAKTOSE, EIPULVER, Backtriebmittel: Natriumcarbonate, Diphosphate; Speisesalz. Das Produkt kann Spuren von anderen SCHALENFRÜCHTEN enthalten.",2170,519,"28,6","12,4","56,5","33,1","7,5","0,71",https://www.edeka24.de/Lebensmittel/Suess-Salzig/Gebaeck-Kekse-Waffeln/EDEKA-Cookies-Mandel-Milchschokolade-180G.html,https://www.edeka24.de/out/pictures/generated/product/1/540_540_90/edeka_cookies_mandelmilchschokolade_180g.jpg
3258,Lebensmittel,Süß & Salzig,Gebäck-Kekse-Waffeln,Griesson Soft Cake Erdbeere 300G,"1,59 €","5,30 €/kg","inkl. MwSt., zzgl. 4.95 € Versandkosten.",lieferbar innerhalb von 2-5 Werktagen,2023-05-03 01:57:25.408177,zartes Gebäck mit fruchtiger Füllung (mit Erdbeersaft aus Erdbeersaftkonzentrat) (55%) und Schokolade (17%).,Hinweis zur Aufbewahrung: Vor Wärme schützen. Trocken lagern. Nach dem Öffnen innerhalb weniger Tage verzehren.,"Verantwortliches Lebensmittelunternehmen:
Griesson - de Beukelaer GmbH & Co. KG, August-Horch-Str. 23, D-56751 Polch","Zutatenverzeichnis: Glukose-Fruktose-Sirup, Zucker, Erdbeersaft aus Erdbeersaftkonzentrat (12,8%), WEIZENMEHL, Kakaomasse°, flüssiges VOLLEI (6%), Palmfett, Kakaobutter°, Stabilisator (Sorbitsirup), WEIZENSTÄRKE, Geliermittel (Pektin), Säuerungsmittel (Citronensäure), Emulgatoren (Mono- und Diglyceride von Speisefettsäuren, Lecithine (SOJA)), Tapiokastärke, Aromen, Backtriebmittel (Ammoniumhydrogencarbonat, Natriumhydrogencarbonat), Säureregulator (Mononatriumcitrat), Speisesalz. Kann Spuren enthalten von: SCHALENFRÜCHTEN (CH: HASELNÜSSEN, MANDELN), MILCH. °Rainforest Alliance Certified.",1607,381,10,6,69,52,3,"0,15",https://www.edeka24.de/Lebensmittel/Suess-Salzig/Gebaeck-Kekse-Waffeln/Griesson-Soft-Cake-Erdbeere-300G.html,https://www.edeka24.de/out/pictures/generated/product/1/540_540_90/griessonscerdbeer.jpg
3259,Lebensmittel,Süß & Salzig,Gebäck-Kekse-Waffeln,Milka Cake & Choc 175G,"1,99 €","11,37 €/kg","inkl. MwSt., zzgl. 4.95 € Versandkosten.",lieferbar innerhalb von 2-5 Werktagen,2023-05-03 01:57:28.574016,Kuchen mit Alpenmilchschokoladenstückchen und Schokoladefüllung.,Hinweis zur Aufbewahrung: Trocken lagern und vor Wärme schützen.,"Verantwortliches Lebensmittelunternehmen:
Mondelez Deutschland, D-28078 Bremen","Zutatenverzeichnis: WEIZENMEHL, Zucker, Glukose-Fruktose-Sirup, Rapsöl, EIER, Stabilisator (Glycerin), Kakaomasse, VOLLMILCHPULVER, Kakaobutter, MAGERMILCHPULVER, WEIZENSTÄRKE, Backtriebmittel (Diphosphate, Kaliumcarbonate), fettarmes Kakaopulver, Süßmolkenpulver (aus MILCH), Speisesalz, Emulgatoren (SOJALECITHINE, E472b, E475), Aromen (Enthält MILCH), Glukosesirup, Verdickungsmittel (Xanthan). Kann NÜSSE enthalten.",1799,429,21,"4,1","56,5",31,"5,4","0,6",https://www.edeka24.de/Lebensmittel/Suess-Salzig/Gebaeck-Kekse-Waffeln/Milka-Cake-Choc-175G.html,https://www.edeka24.de/out/pictures/generated/product/1/540_540_90/milka_cake_amp_choc_5x_35_g.jpg
3260,Lebensmittel,Süß & Salzig,Gebäck-Kekse-Waffeln,Alnatura Bio Mais Minis a la Sour Cream & Onion 50G,"1,19 €","23,80 €/kg","inkl. MwSt., zzgl. 4.95 € Versandkosten.",lieferbar innerhalb von 2-5 Werktagen,2023-05-03 01:57:38.676732,Bio Maiswaffeln mit Sauerrahm- und Zwiebel-Geschmack,Hinweis zur Aufbewahrung: Bitte trocken lagern und vor Wärme schützen.,"Verantwortliches Lebensmittelunternehmen:
Alnatura Produktions- und Handels GmbH, Mahatma-Gandhi-Str. 7, 64295 Darmstadt","Zutatenverzeichnis: Mais* (83%), Sonnenblumenöl*, MOLKEPULVER*, JOGHURTPULVER* (3%), Meersalz, Zwiebel* (2%), DEXTROSE*, Petersilie*, Schwarzer Pfeffer*, Knoblauch*, Rapsöl* *aus biologischer Landwirtschaft . Kann Spuren von SOJA und SESAM enthalten.",1691,400,"5,9","0,8",77,"3,1",8,"2,2",https://www.edeka24.de/Lebensmittel/Suess-Salzig/Gebaeck-Kekse-Waffeln/Alnatura-Bio-Mais-Minis-a-la-Sour-Cream-Onion-50G.html,https://www.edeka24.de/out/pictures/generated/product/1/540_540_90/bio_alnatura_mais_minis_a_la_sour_creamampamponion_50g.jpg
3261,Lebensmittel,Süß & Salzig,Gebäck-Kekse-Waffeln,Griesson Soft Cake Vollmilch-Orange 300G,"1,59 €","5,30 €/kg","inkl. MwSt., zzgl. 4.95 € Versandkosten.",lieferbar innerhalb von 2-5 Werktagen,2023-05-03 01:57:42.924978,Zartes Gebäck mit 55% fruchtiger Füllung (aus 20% Orangensaft) und Vollmilchschokolade (17%),Hinweis zur Aufbewahrung: Vor Wärme schützen. Trocken lagern. Nach dem Öffnen innerhalb weniger Tage verzehren.,"Verantwortliches Lebensmittelunternehmen:
Griesson - de Beukelaer GmbH & Co. KG, August-Horch-Str. 23, D-56751 Polch","Zutatenverzeichnis: Zucker, Glukose-Fruktose-Sirup, Orangensaft aus Orangensaftkonzentrat (11%), WEIZENMEHL, FLÜSSIGES HÜHNERVOLLEI (6%), Kakaobutter, Kakaomasse, MAGERMILCHPULVER, Palmfett , Stabilisator (Sorbitsirup), MILCHZUCKER, WEIZENSTÄRKE, BUTTERREINFETT, Geliermittel (Pektin), Säuerungsmittel (Citronensäure), Emulgatoren (E471, SOJALECITHINE), Tapiokastärke, Backtriebmittel (Ammoniumhydrogencarbonat, Natriumhydrogencarbonat), Aroma, Säureregulator (Mononatriumcitrat), Salz. Kann Spuren enthalten von: SCHALENFRÜCHTEN.",1571,372,"8,6",5,70,52,"3,1","0,2",https://www.edeka24.de/Lebensmittel/Suess-Salzig/Gebaeck-Kekse-Waffeln/Griesson-Soft-Cake-Vollmilch-Orange-300G.html,https://www.edeka24.de/out/pictures/generated/product/1/540_540_90/griessonsoftacakeorangevoll2017.jpg
3262,Lebensmittel,Süß & Salzig,Gebäck-Kekse-Waffeln,Bahlsen Waffeletten Vollmilch 100G,"2,89 €","28,90 €/kg","inkl. MwSt., zzgl. 4.95 € Versandkosten.",lieferbar innerhalb von 2-5 Werktagen,2023-05-03 01:57:47.903341,Zartes Waffelgebäck mit Vollmilchschokolade (28 %),Hinweis zur Aufbewahrung: Kühl und trocken lagern.,"Verantwortliches Lebensmittelunternehmen:
Bahlsen GmbH & Co. KG, Podbielskistraße 11, 30163 Hannover","Zutatenverzeichnis: WEIZENMEHL, Zucker, pflanzliche Fette (Palm), Kakaobutter, MAGERMILCHPULVER, Kakaomasse, MOLKENERZEUGNIS, BUTTERREINFETT, HÜHNEREIGELBPULVER, Emulgator: Lecithine; Salz, VOLLMILCHPULVER, MILCHZUCKER, Backtriebmittel: Natriumcarbonate; Gewürz, Aromen.",542,2265,31,22,59,36,6,"0,47",https://www.edeka24.de/Lebensmittel/Suess-Salzig/Gebaeck-Kekse-Waffeln/Bahlsen-Waffeletten-Vollmilch-100G.html,https://www.edeka24.de/out/pictures/generated/product/1/540_540_90/bahlsen_waffeletten_vollmilch.jpg
3263,Lebensmittel,Süß & Salzig,Gebäck-Kekse-Waffeln,Milka Choc & Choc 175G,"1,99 €","11,37 €/kg","inkl. MwSt., zzgl. 4.95 € Versandkosten.",lieferbar innerhalb von 2-5 Werktagen,2023-05-03 01:57:52.688476,Kuchen mit Füllung (24 %) und überzogen mit Alpenmilch-Schokolade (32%).,Hinweis zur Aufbewahrung: Trocken lagern und vor Wärme schützen.,"Verantwortliches Lebensmittelunternehmen:
Mondelez Deutschland, D-28078 Bremen","Zutatenverzeichnis: Zucker, WEIZENMEHL, Glukose-Fruktose-Sirup, EIER, Rapsöl, Kakaobutter, MAGERMILCHPULVER, Süßmolkenpulver (aus MILCH), Kakaomasse, Stabilisator (Glycerin), Kartoffelstärke, fettarmes Kakaopulver (1,5 %), BUTTERREINFETT, Sheafett, Emulgatoren (SOJALECITHINE, E475, E471, E476), Backtriebmittel (Diphosphate, Natriumcarbonate), Speisesalz, HASELNUSSMASSE, modifizierte Stärke, Verdickungsmittel (Xanthan), Aromen.",1901,454,22,"7,9",58,40,"5,6","0,58",https://www.edeka24.de/Lebensmittel/Suess-Salzig/Gebaeck-Kekse-Waffeln/Milka-Choc-Choc-175G.html,https://www.edeka24.de/out/pictures/generated/product/1/540_540_90/milka_soft_choc_amp_choc_175_g.jpg
3264,Lebensmittel,Süß & Salzig,Gebäck-Kekse-Waffeln,Leibniz Kunterbunt 150G,"1,99 €","13,27 €/kg","inkl. MwSt., zzgl. 4.95 € Versandkosten.",lieferbar innerhalb von 2-5 Werktagen,2023-05-03 01:57:57.235630,"Knuspriger Keks mit Milchschokoladenlinsen (18 %) in Schokoladencreme (19 %). Anteil Schokolade in der Creme: 4,8 %.","Hinweis zur Aufbewahrung: Kühl und trocken lagern./Trocken lagern, vor Wärme schützen.","Verantwortliches Lebensmittelunternehmen:
BAHLSEN, 30001 HANNOVER","Zutatenverzeichnis: WEIZENMEHL, Zucker, pflanzliche Fette (Palm), Glukosesirup, VOLLMILCHPULVER, Kakaobutter, Kakaomasse, fettarmes Kakaopulver, Reismehl, Backtriebmittel: Natriumcarbonate, Diphosphate; Überzugsmittel: Gummi arabicum, Carnaubawachs, Bienenwachs; Salz, MAGERMILCHPULVER, Aromen (MILCH), HÜHNERVOLLEI, Emulgator: Lecithine (SOJA); färbende Frucht- und Pflanzenkonzentrate (Apfel, Kürbis, Rettich, Zitrone, schwarze Johannisbeere, Färberdistel, blaue Kartoffel), Spirulinakonzentrat, Stärke (WEIZEN), Säuerungsmittel: Citronensäure; MOLKENERZEUGNIS. Auf der Anlage werden auch verarbeitet: MANDELN und HASELNÜSSE.",500,2095,23,15,67,35,"5,4","0,49",https://www.edeka24.de/Lebensmittel/Suess-Salzig/Gebaeck-Kekse-Waffeln/Leibniz-Kunterbunt-150G.html,https://www.edeka24.de/out/pictures/generated/product/1/540_540_90/bahlsen_leibniz_kunterbunt_150g.jpg
3265,Lebensmittel,Süß & Salzig,Gebäck-Kekse-Waffeln,Alnatura Bio Mais Amaranth Waffeln Rosmarin 150G,"0,99 €","6,60 €/kg","inkl. MwSt., zzgl. 4.95 € Versandkosten.",lieferbar innerhalb von 2-5 Werktagen,2023-05-03 01:58:01.198590,"Bio Maiswaffeln mit Amaranth und Rosmarin, glutenfrei",Hinweis zur Aufbewahrung: Bitte trocken lagern. Angebrochene Verpackung gut verschließen.,"Verantwortliches Lebensmittelunternehmen:
Alnatura Produktions- und Handels GmbH, Mahatma-Gandhi-Str. 7, 64295 Darmstadt","Zutatenverzeichnis: Mais* 94,7 %, Amaranth* 4 %, Rosmarin*, Meersalz 0,3 % *aus biologischer Landwirtschaft . Kann Spuren von HASELNUSS und SESAM enthalten.",1661,392,"2,4","0,1",83,"4,3","8,7","0,33",https://www.edeka24.de/Lebensmittel/Suess-Salzig/Gebaeck-Kekse-Waffeln/Alnatura-Bio-Mais-Amaranth-Waffeln-Rosmarin-150G.html,https://www.edeka24.de/out/pictures/generated/product/1/540_540_90/alnaturamaisamarawaff.jpg
3266,Lebensmittel,Süß & Salzig,Gebäck-Kekse-Waffeln,EDEKA Savoiardi Italienisches Löffelbiskuit 2x 100G,"1,19 €","5,95 €/kg","inkl. MwSt., zzgl. 4.95 € Versandkosten.",lieferbar innerhalb von 2-5 Werktagen,2023-05-03 01:58:05.045730,-,Hinweis zur Aufbewahrung: Vor Wärme geschützt und trocken lagern.,"Verantwortliches Lebensmittelunternehmen:
EDEKA ZENTRALE Stiftung & Co. KG, D-22291 Hamburg","Zutatenverzeichnis: WEIZENMEHL, Zucker, 26% EIER, Backtriebmittel: Natriumphosphate, Diphosphate; Glukosesirup, Aroma. Das Produkt kann Spuren von MILCH, SOJA und SCHALENFRÜCHTEN enthalten.",368,1559,"3,1",1,77,"51,4","6,8","0,13",https://www.edeka24.de/Lebensmittel/Suess-Salzig/Gebaeck-Kekse-Waffeln/EDEKA-Savoiardi-Italienisches-Loeffelbiskuit-2x-100G.html,https://www.edeka24.de/out/pictures/generated/product/1/540_540_90/eitalia_loeffelbiskuit_200g.jpg
3267,Lebensmittel,Süß & Salzig,Gebäck-Kekse-Waffeln,Lambertz Balena 125G,"1,09 €","8,72 €/kg","inkl. MwSt., zzgl. 4.95 € Versandkosten.",lieferbar innerhalb von 2-5 Werktagen,2023-05-03 01:58:08.980701,Feines Mürbegebäck mit 25% Zartbitterschokolade,Hinweis zur Aufbewahrung: Trocken lagern und vor Wärme schützen,"Verantwortliches Lebensmittelunternehmen:
Aachener Printen- und Schokoladenfabrik Henry Lambertz GmbH & Co. KG, Borchersstraße 18, D-52072 Aachen","Zutatenverzeichnis: Zucker, WEIZENmehl, pflanzliches Fett (Palm), WEIZENstärke, Kakaomasse, Kakaobutter, Glukosesirup, SüßMOLKENpulver, BUTTERreinfett, Emulgatoren: Mono- und Diglyceride von Speisefettsäuren, SOJA-Lecithine, natürliches Aroma, Farbstoff: Beta-Carotin, Salz, Produkt kann Spuren von EI, ERDNÜSSEN, SCHALENFRÜCHTEN, SESAM enthalten.",518,2166,"26,2","14,2","64,2","26,7","4,8","0,55",https://www.edeka24.de/Lebensmittel/Suess-Salzig/Gebaeck-Kekse-Waffeln/Lambertz-Balena-125G.html,https://www.edeka24.de/out/pictures/generated/product/1/540_540_90/lambertzbalena.jpg
3268,Lebensmittel,Süß & Salzig,Gebäck-Kekse-Waffeln,Milka Soft Moo 140G,"1,99 €","14,21 €/kg","inkl. MwSt., zzgl. 4.95 € Versandkosten.",lieferbar innerhalb von 2-5 Werktagen,2023-05-03 01:58:12.413495,Kuchen mit Alpenmilch Schokoladenstückchen (12%) verziert mit Kuchen (21%) mit Kakao.,Hinweis zur Aufbewahrung: Trocken lagern und vor Wärme schützen.,"Verantwortliches Lebensmittelunternehmen:
Mondelez Deutschland GmbH, 28078 Bremen","Zutatenverzeichnis: Zucker, WEIZENMEHL, Rapsöl, VOLLEI, Glukose-Fruktose-Sirup, Stabilisator (Glycerin), VOLLMILCHPULVER, Kakaomasse, Kakaobutter, Kakaopulver (0,5 %), Süßmolkenpulver (aus MILCH), Backtriebmittel (Disphosphate, Natriumcarbonate), Speisesalz, Emulgatoren (E471, SOJALECITHINE), Aromen (enthalt MILCH), MAGERMILCHPULVER, Verdickungsmittel (Xanthan).",1890,451,25,"4,3",53,31,"5,1","0,56",https://www.edeka24.de/Lebensmittel/Suess-Salzig/Gebaeck-Kekse-Waffeln/Milka-Soft-Moo-140G.html,https://www.edeka24.de/out/pictures/generated/product/1/540_540_90/milka_soft_cake_moo_140g.jpg
3269,Lebensmittel,Süß & Salzig,Gebäck-Kekse-Waffeln,Alnatura Bio Schoko Orangen Kekse 150G,"2,09 €","13,93 €/kg","inkl. MwSt., zzgl. 4.95 € Versandkosten.",lieferbar innerhalb von 2-5 Werktagen,2023-05-03 01:58:15.687260,Bio Dinkelkekse mit Schokolade und Orangenöl,Hinweis zur Aufbewahrung: Bitte trocken lagern und vor Wärme schützen.,"Verantwortliches Lebensmittelunternehmen:
Alnatura Produktions- und Handels GmbH, Mahatma-Gandhi-Str. 7, 64295 Darmstadt","Zutatenverzeichnis: DINKELMEHL* Type 630 (47%), Rohrohrzucker*, Palmfett*,Zartbitter-Schokoladentropfen* 12% (Kakaomasse*, Rohrohrzucker*,Kakaobutter*, Emulgator: SOJA-LECITHIN*), Honig*, Orangenöl*, Meersalz, Bourbonvanilleschote* gemahlen, Koriander*, Ceylon-Zimt*. Kann Spuren von EI, MILCH, MANDEL, HASELNUSS, PARANUSS und SESAM enthalten. *aus biologischer Landwirtschaft.",2053,491,24,12,60,26,"6,8","0,13",https://www.edeka24.de/Lebensmittel/Suess-Salzig/Gebaeck-Kekse-Waffeln/Alnatura-Bio-Schoko-Orangen-Kekse-150G.html,https://www.edeka24.de/out/pictures/generated/product/1/540_540_90/alnatura_bio_schoko_orangen_kekse_150_g.jpg
3270,Lebensmittel,Süß & Salzig,Gebäck-Kekse-Waffeln,Milka Choco Mini Stars 185G,"1,99 €","10,76 €/kg","inkl. MwSt., zzgl. 4.95 € Versandkosten.",lieferbar innerhalb von 2-5 Werktagen,2023-05-03 01:58:19.403082,"Kekse mit einer Schicht Alpenmilch Schokoalde (23,2%) und einer Milchcreme-Füllung (16%).",,"Verantwortliches Lebensmittelunternehmen:
Mondelez Deutschland, D-28078 Bremen","Zutatenverzeichnis: WEIZENMEHL, ALPENMILCHSCHOKOLADE 23,2% [Zucker, Kakaobutter, Kakaomasse, MAGERMILCHPULVER, Süßmolkenpulver (aus MILCH), BUTTERREINFETT, Emulgatoren (SOJALECITHIN, E476), Aroma], Zucker, Palmfett, Rapsöl, Süßmolkenpulver (aus MILCH), VOLLMILCHPULVER 1,7%, Glukosesirup, Laktose (aus MILCH), Speisesalz, Backtriebmittel (Ammoniumhydrogencarbonat, Natriumhydrogencarbonat), Emulgator (SOJALECITHIN), Aromen, Säuerungsmittel (Citronensäure). KANN EI UND NÜSSE ENTHALTEN.",2123,507,25,11,64,36,"6,4","0,61",https://www.edeka24.de/Lebensmittel/Suess-Salzig/Gebaeck-Kekse-Waffeln/Milka-Choco-Mini-Stars-185G.html,https://www.edeka24.de/out/pictures/generated/product/1/540_540_90/milka_chocominis_kekse_185g.jpg
3271,Lebensmittel,Süß & Salzig,Gebäck-Kekse-Waffeln,Oreo Doppelkeks Original 176G,"1,99 €","11,31 €/kg","inkl. MwSt., zzgl. 4.95 € Versandkosten.",lieferbar innerhalb von 2-5 Werktagen,2023-05-03 01:58:23.504321,KAKAOKEKSE MIT EINER CRÈMEFÜLLUNG MIT VANILLEGESCHMACK (29%).,Hinweis zur Aufbewahrung: Trocken lagern und vor Wärme schützen.,"Verantwortliches Lebensmittelunternehmen:
Mondelez Deutschland, D-28078 Bremen","Zutatenverzeichnis: WEIZENMEHL, Zucker, Palmöl, fettarmes Kakaopulver 4,6%, WEIZENSTÄRKE, Glukose-Fruktose-Sirup, Backtriebmittel (Kaliumhydrogencarbonat, Ammoniumhydrogencarbonat, Natriumhydrogencarbonat), Speisesalz, Palmkernöl, Emulgatoren (SOJALECITHIN, Sonnenblumenlecithin), Aroma (Vanillin). KANN MILCH ENTHALTEN.",480,2010,20,"9,8",69,38,5,"0,9",https://www.edeka24.de/Lebensmittel/Suess-Salzig/Gebaeck-Kekse-Waffeln/Oreo-Doppelkeks-Original-176G.html,https://www.edeka24.de/out/pictures/generated/product/1/540_540_90/oreo-doppelkeksvanillecreme_1000.jpg
3272,Lebensmittel,Süß & Salzig,Gebäck-Kekse-Waffeln,Bahlsen ABC Russisch Brot 100G,"1,69 €","16,90 €/kg","inkl. MwSt., zzgl. 4.95 € Versandkosten.",lieferbar innerhalb von 2-5 Werktagen,2023-05-03 01:58:28.245452,Russisch Brot,Hinweis zur Aufbewahrung: Trocken lagern.,"Verantwortliches Lebensmittelunternehmen:
Bahlsen GmbH & Co. KG, Podbielskistraße 11, 30163 Hannover","Zutatenverzeichnis: Zucker, WEIZENMEHL, Karamellzuckersirup, Stärke (WEIZEN), HÜHNEREIKLARPULVER, fettarmes Kakaopulver, Emulgator: Lecithine (SOJA); Backtriebmittel: Natriumcarbonate; gemahlene Vanilleschoten, MOLKENERZEUGNIS, Aroma.",395,1676,1,"0,3",89,51,"6,6","0,2",https://www.edeka24.de/Lebensmittel/Suess-Salzig/Gebaeck-Kekse-Waffeln/Bahlsen-ABC-Russisch-Brot-100G.html,https://www.edeka24.de/out/pictures/generated/product/1/540_540_90/bahlsenabcrussischbrot.jpg
3273,Lebensmittel,Süß & Salzig,Gebäck-Kekse-Waffeln,EDEKA Italia Originale Cantuccini 250G,"2,79 €","11,16 €/kg","inkl. MwSt., zzgl. 4.95 € Versandkosten.",lieferbar innerhalb von 2-5 Werktagen,2023-05-03 01:58:31.965594,Italienisches Mandelgebäck,Hinweis zur Aufbewahrung: Vor Wärme geschützt und trocken lagern.,"Verantwortliches Lebensmittelunternehmen:
EDEKA ZENTRALE Stiftung & Co. KG, D-22291 Hamburg","Zutatenverzeichnis: WEIZENMEHL, Zucker, 25% MANDELN, EIER, BUTTER, EIGELB, 1% Honig, Backtriebmittel: Diphosphate, Natriumcarbonate, natürliches Aroma, Speisesalz. Das Produkt kann Spuren von SCHALENFRÜCHTEN UND ERDNÜSSEN enthalten.",1970,470,"19,5","4,5",61,"33,5",11,"0,18",https://www.edeka24.de/Lebensmittel/Suess-Salzig/Gebaeck-Kekse-Waffeln/EDEKA-Italia-Originale-Cantuccini-250G.html,https://www.edeka24.de/out/pictures/generated/product/1/540_540_90/edeka_italia_cantuccini_250g.jpg
3274,Lebensmittel,Süß & Salzig,Gebäck-Kekse-Waffeln,Milka Choco Wafer 150G,"1,99 €","13,27 €/kg","inkl. MwSt., zzgl. 4.95 € Versandkosten.",lieferbar innerhalb von 2-5 Werktagen,2023-05-03 01:58:35.177499,Waffel überzogen mit Alpenmilch Schokolade (60%) und mit einer Kakaocremefüllung (27%).,Hinweis zur Aufbewahrung: Trocken lagern und vor Wärme schützen.,"Verantwortliches Lebensmittelunternehmen:
Mondelez Deutschland GmbH, 28078 Bremen","Zutatenverzeichnis: ALPENMILCH Schokolade 60% [Zucker, Kakaobutter, Kakaomasse, MAGERMILCHPULVER, Süßmolkenpulver (aus MILCH), BUTTERREINFETT, Emulgator (SOJALECITHINE), Aroma], WEIZENMEHL, Zucker, pflanzliche Fette (Palm, Kokos in veränderlichen Gewichtsanteilen), Süßmolkenpulver (aus MILCH), fettarmes Kakaopulver 2 %, Rapsöl, Emulgator (SOJALECITHINE), Backtriebmittel (Natriumcarbonate), Speisesalz, Aroma. Kann EI und NÜSSE enthalten.",2240,535,31,18,56,43,"6,8","0,4",https://www.edeka24.de/Lebensmittel/Suess-Salzig/Gebaeck-Kekse-Waffeln/Milka-Choco-Wafer-150G.html,https://www.edeka24.de/out/pictures/generated/product/1/540_540_90/milka_choco_wafer_150g.jpg
3275,Lebensmittel,Süß & Salzig,Gebäck-Kekse-Waffeln,Coppenrath Wiener Sandringe 200G,"2,29 €","11,45 €/kg","inkl. MwSt., zzgl. 4.95 € Versandkosten.",lieferbar innerhalb von 2-5 Werktagen,2023-05-03 01:58:38.505239,Zartes Spritzgebäck,,"Verantwortliches Lebensmittelunternehmen:
Coppenrath Feingebäck GmbH, Telgweg 14, D-49744 Geeste/Groß Hesepe","Zutatenverzeichnis: WEIZENMEHL, Zucker, pflanzliches Fett (aus Palmfrucht), BUTTER, VOLLEI, Maisstärke, SOJAMEHL, GLUKOSE-FRUCTOSE-SIRUP, MAGERMILCHPULVER, Bourbon-Vanille, Salz.",2248,538,"28,9","15,1","61,3","24,2","6,6","0,37",https://www.edeka24.de/Lebensmittel/Suess-Salzig/Gebaeck-Kekse-Waffeln/Coppenrath-Wiener-Sandringe-200G.html,https://www.edeka24.de/out/pictures/generated/product/1/540_540_90/coppenrath_wiener_sandringe.jpg
3276,Lebensmittel,Süß & Salzig,Gebäck-Kekse-Waffeln,Coppenrath Choco Kränze 250G,"2,69 €","10,76 €/kg","inkl. MwSt., zzgl. 4.95 € Versandkosten.",lieferbar innerhalb von 2-5 Werktagen,2023-05-03 01:58:41.982631,Mürbegebäck mit 18% Zartbitterschokolade und 12% Hagelzucker,Hinweis zur Aufbewahrung: Trocken lagern und vor Wärme schützen.,"Verantwortliches Lebensmittelunternehmen:
Coppenrath Feingebäck GmbH, 49741 Geeste, Emsland","Zutatenverzeichnis: WEIZENMEHL, Zucker, pflanzliches Fett (aus Palmfrucht), Kakaomasse, VOLLEI, Kakaobutter, Kokosraspel, Glukose-Fruktose-Sirup, SOJAMEHL, MAGERMILCHPULVER, Zitronenschale, Salz, Emulgator (SOJALECITHINE), Backtriebmittel (Ammoniumhydrogencarbonat, Natriumhydrogencarbonat). Kann Spuren von SCHALENFRÜCHTEN enthalten.",2128,508,24,14,65,36,"6,5","0,38",https://www.edeka24.de/Lebensmittel/Suess-Salzig/Gebaeck-Kekse-Waffeln/Coppenrath-Choco-Kraenze-250G.html,https://www.edeka24.de/out/pictures/generated/product/1/540_540_90/coppenrath_choko_krnze_250_g_packung.jpg
3277,Lebensmittel,Süß & Salzig,Gebäck-Kekse-Waffeln,Nippon Puffreis 200G,"1,89 €","9,45 €/kg","inkl. MwSt., zzgl. 4.95 € Versandkosten.",lieferbar innerhalb von 2-5 Werktagen,2023-05-03 01:58:45.437153,Puffreis (11%) und Cerealien (9%)in Kakaocreme (48%) mit Milchschokolade (32%) überzogen. Kakao: 30% mindestens im Milchschokoladenanteil,Hinweis zur Aufbewahrung: Vor Wärme und Feuchtigkeit schützen!,"Verantwortliches Lebensmittelunternehmen:
hosta GmbH & Co.KG, Greutstraße 9, D-74597 Stimpfach-Randenweiler","Zutatenverzeichnis: Zucker, pflanzliche Öle (Palm, Palmkern), Puffreis, Cerealien (Maisgrieß, Reisgrieß, WEIZENMEHL, GERSTENMALZMEHL, GERSTENMALZEXTRAKT), Traubenzucker, Kakaobutter, VOLLMILCHPULVER, Kakaomasse, SÜSSMOLKENPULVER, SÜSSLUPINENMEHL, fettarmes Kakaopulver, Sheabutter, MILCHZUCKER, Emulgator: SOJALECITHINE, E476; Salz, Aroma. Kann Spuren von SCHALENFRÜCHTEN und ERDNÜSSEN enthalten.",2229,534,30,16,59,40,"5,6","0,22",https://www.edeka24.de/Lebensmittel/Suess-Salzig/Gebaeck-Kekse-Waffeln/Nippon-Puffreis-200G.html,https://www.edeka24.de/out/pictures/generated/product/1/540_540_90/nippon.jpg
3278,Lebensmittel,Süß & Salzig,Gebäck-Kekse-Waffeln,Leibniz Butterkeks 200G,"1,59 €","7,95 €/kg","inkl. MwSt., zzgl. 4.95 € Versandkosten.",lieferbar innerhalb von 2-5 Werktagen,2023-05-03 01:58:48.429588,Butterkeks,Hinweis zur Aufbewahrung: Trocken lagern.,"Verantwortliches Lebensmittelunternehmen:
Bahlsen GmbH & Co. KG, Podbielskistraße 11, D-30163 Hannover","Zutatenverzeichnis: WEIZENMEHL, Zucker, BUTTER (12%), Invertzuckersirup, Backtriebmittel: Natriumcarbonate, Diphosphate",1833,435,12,"7,8",72,21,"8,4","1,53",https://www.edeka24.de/Lebensmittel/Suess-Salzig/Gebaeck-Kekse-Waffeln/Leibniz-Butterkeks-200G.html,https://www.edeka24.de/out/pictures/generated/product/1/540_540_90/leibnizbutterkeks.jpg
3279,Lebensmittel,Süß & Salzig,Gebäck-Kekse-Waffeln,Pico Madeleines mit Kakao 250G,"2,49 €","9,96 €/kg","inkl. MwSt., zzgl. 4.95 € Versandkosten.",lieferbar innerhalb von 2-5 Werktagen,2023-05-03 01:58:51.383905,Französisches Feingebäck,Hinweis zur Aufbewahrung: Wärmegeschützt und trocken lagern,"Verantwortliches Lebensmittelunternehmen:
PICO Food GmbH, D-71732 Tamm","Zutatenverzeichnis: WEIZENMEHL, EIER 24,5%, Zucker, Rapsöl, Glukose-Fruktose-Sirup, Feuchthaltemittel (Sorbit), Kakaopulver 1%, Aroma, Salz, Backtriebmittel (E 450, E 500), Emulgator (E 475, E 471), Reisstärke.",1928,461,25,"2,4",52,29,"6,6","0,82",https://www.edeka24.de/Lebensmittel/Suess-Salzig/Gebaeck-Kekse-Waffeln/Pico-Madeleines-mit-Kakao-250G.html,https://www.edeka24.de/out/pictures/generated/product/1/540_540_90/-4004363000406_iq.jpg
3280,Lebensmittel,Süß & Salzig,Gebäck-Kekse-Waffeln,Alnatura Bio Dinkel Butterkeks 150G,"1,79 €","11,93 €/kg","inkl. MwSt., zzgl. 4.95 € Versandkosten.",lieferbar innerhalb von 2-5 Werktagen,2023-05-03 01:58:54.842329,-,Hinweis zur Aufbewahrung: Bitte trocken lagern und vor Wärme schützen.,"Verantwortliches Lebensmittelunternehmen:
Alnatura GmbH, Mahatma-Gandhi-Straße 7, 64295 Darmstadt","Zutatenverzeichnis: DINKELMEHL*¹ 60 %, BUTTER* 16%, Rohrohrzucker*, VOLLMILCH*, Honig*, GERSTENMALZEXTRAKT*, Backtriebmittel: Ammoniumhydrogencarbonat (Hirschhornsalz), Meersalz, Bourbonvanilleschote* gemahlen *aus biologischer Landwirtschaft ¹Dinkel ist eine Urweizenart. Kann Spuren von EI, SOJA, MANDEL, HASELNUSS, WALNUSS, CASHEWNUSS, PARANUSS und SESAM enthalten.",1901,452,16,11,67,20,"8,8","0,1",https://www.edeka24.de/Lebensmittel/Suess-Salzig/Gebaeck-Kekse-Waffeln/Alnatura-Bio-Dinkel-Butterkeks-150G.html,https://www.edeka24.de/out/pictures/generated/product/1/540_540_90/alnaturadibuke.jpg
3281,Lebensmittel,Süß & Salzig,Gebäck-Kekse-Waffeln,Bahlsen Rekord Knusprige Waffel-Mischung 250G,"3,49 €","13,96 €/kg","inkl. MwSt., zzgl. 4.95 € Versandkosten.",lieferbar innerhalb von 2-5 Werktagen,2023-05-03 01:58:58.625489,"Waffelmischung. Edelherbe Schokolade: 12 %, Vollmilchschokolade: 3,5 %",Hinweis zur Aufbewahrung: Kühl und trocken lagern.,"Verantwortliches Lebensmittelunternehmen:
Bahlsen, 30001 Hannover","Zutatenverzeichnis: WEIZENMEHL, pflanzliche Fette (Palm, Kokos), Zucker, Dextrose, Kakaomasse, Kakaobutter, Stärke (WEIZEN), MOLKENERZEUGNIS, fettarmes Kakaopulver, MAGERMILCHPULVER, VOLLMILCHPULVER, Emulgator: Lecithine (SOJA); BUTTERREINFETT, Salz, Invertzuckersirup, Backtriebmittel: Natriumcarbonate; Aromen, HÜHNEREIGELBPULVER, MILCHZUCKER, Glukosesirup, Glukose-Fruktose-Sirup, Gewürz, HÜHNERVOLLEIPULVER.",2194,525,29,20,60,36,"4,5","0,2",https://www.edeka24.de/Lebensmittel/Suess-Salzig/Gebaeck-Kekse-Waffeln/Bahlsen-Rekord-Knusprige-Waffel-Mischung-250G.html,https://www.edeka24.de/out/pictures/generated/product/1/540_540_90/bahlsen_rekord_knusprige_waffelmischung_250g.jpg
3282,Lebensmittel,Süß & Salzig,Gebäck-Kekse-Waffeln,Leibniz Butterkeks 30% weniger Zucker 150G,"1,59 €","10,60 €/kg","inkl. MwSt., zzgl. 4.95 € Versandkosten.",lieferbar innerhalb von 2-5 Werktagen,2023-05-03 01:59:02.513686,Butterkeks.,Hinweis zur Aufbewahrung: Trocken lagern und vor Wärme schützen.,"Verantwortliches Lebensmittelunternehmen:
Bahlsen, 30001 Hannover","Zutatenverzeichnis: WEIZENMEHL (74 %), Oligofruktose, Zucker, BUTTER (9,8 %), Maismehl, HÜHNERVOLLEIPULVER, Invertzuckersirup, Backtriebmittel: Natriumcarbonate, Ammoniumcarbonate; Molkenerzeugnis (MILCH), Emulgator: Lecithine; Salz, Aromen (MILCH).",1778,422,"9,6","5,8",70,12,"8,5","0,66",https://www.edeka24.de/Lebensmittel/Suess-Salzig/Gebaeck-Kekse-Waffeln/Leibniz-Butterkeks-30-weniger-Zucker-150G.html,https://www.edeka24.de/out/pictures/generated/product/1/540_540_90/leibniz_butterkeks_weniger_zucker_150g.jpg
3283,Lebensmittel,Süß & Salzig,Gebäck-Kekse-Waffeln,Ferrero Kinder bueno white 6ST 117G,"2,79 €","23,85 €/kg","inkl. MwSt., zzgl. 4.95 € Versandkosten.",lieferbar innerhalb von 2-5 Werktagen,2023-05-03 01:59:06.115804,-,,"Verantwortliches Lebensmittelunternehmen:
Ferrero, D-60624 Frankfurt am Main","Zutatenverzeichnis: Weiße Schokolade 28 % (Kakaobutter, Zucker, MAGERMILCHPULVER,BUTTERREINFETT, Emulgator Lecithine (SOJA), Vanillin),Zucker, Palmöl, WEIZENMEHL, MAGERMILCHPULVER (8,5 %),VOLLMILCHPULVER (5,5 %), HASELNÜSSE (5 %),SÜSSMOLKENPULVER, WEIZENSTÄRKE, fettarmer Kakao,Sonnenblumenöl, MILCHEIWEISS, Emulgator Lecithine (SOJA),Backtriebmittel: Ammoniumhydrogencarbonat, Natriumhydrogencarbonat;Salz, Aroma, Vanillin. Gesamtmilchbestandteile im Produkt 21,5 %.Gesamtkakaobestandteile im Produkt 11 %.",2380,571,"35,9","16,8",53,"43,9","8,5","0,330",https://www.edeka24.de/Lebensmittel/Suess-Salzig/Gebaeck-Kekse-Waffeln/Ferrero-Kinder-bueno-white-6ST-117G.html,https://www.edeka24.de/out/pictures/generated/product/1/540_540_90/ferrero_kinder_bueno_white_6_stck_117g.jpg
3284,Lebensmittel,Süß & Salzig,Gebäck-Kekse-Waffeln,Nestle Choco Crossies Crunchy Balls weiß 200G,"3,49 €","17,45 €/kg","inkl. MwSt., zzgl. 4.95 € Versandkosten.",lieferbar innerhalb von 2-5 Werktagen,2023-05-03 01:59:09.484909,-,,"Verantwortliches Lebensmittelunternehmen:
Nestlé Deutschland AG, D-60523 Frankfurt am Main","Zutatenverzeichnis: Weiße Schokolade (Zucker, VOLLMILCHPULVER, Kakaobutter 10,6%, MOLKENERZEUGNIS, Emulgator Lecithine, natürliches Vanillearoma), knusprige WEIZENCEREALIEN 19% (WEIZENMEHL 14,3%, WEIZENGLUTEN, Zucker, WEIZENMALZMEHL, Backtriebmittel Natriumcarbonate, Salz), pflanzliche Fette (Palm, Shea), MILCHZUCKER, Glukosesirup, Überzugsmittel (Gummi arabicum, Schellack), Emulgator Lecithine, natürliches Vanillearoma. Kann enthalten: NÜSSE.",2161,516,"26,4","15,8","62,3","50,6","6,8","0,77",https://www.edeka24.de/Lebensmittel/Suess-Salzig/Gebaeck-Kekse-Waffeln/Nestle-Choco-Crossies-Crunchy-Balls-weiss-200G.html,https://www.edeka24.de/out/pictures/generated/product/1/540_540_90/nestle_choco_crossies_crunchy_balls_weiamp223_200g.jpg
3285,Lebensmittel,Süß & Salzig,Gebäck-Kekse-Waffeln,Lambertz Compliments Gebäckmischung 2x 250G,"4,99 €","9,98 €/kg","inkl. MwSt., zzgl. 4.95 € Versandkosten.",lieferbar innerhalb von 2-5 Werktagen,2023-05-03 01:59:12.634884,"Gebäckmischung mit 19% Zartbitterschokolade, 9% Vollmilchschokolade und 3% weißer Schokolade",Hinweis zur Aufbewahrung: Trocken lagern und vor Wärme schützen.,"Verantwortliches Lebensmittelunternehmen:
Aachener Printen- und Schokoladenfabrik Henry Lambertz GmbH & Co. KG, Borchersstraße 18, D-52072 Aachen","Zutatenverzeichnis: WEIZENMEHL, Zucker, pflanzliche Fette(Palm, Kokos), Kakaomasse, Kakaobutter, Kandisfarinzucker, BUTTERREINFETT, WEIZENSTÄRKE, SÜSSMOLKENPULVER, VOLLMILCHPULVER, MAGERMILCHPULVER, fettarmes Kakaopulver, FLÜSSIGES HÜHNEREIEIWEISS, Invertzuckersirup, Kokosraspeln, Dextrose, MANDELN, Emulgatoren: SOJA-LECITHINE, Mono- und Diglyceride von Speisefettsäuren, Raps-Lecithine, Backtriebmittel: Natriumhydrogencarbonat, Dinatriumphosphat, Ammoniumhydrogencarbonat, Salz, natürliches Aroma, Glukosesirup, VOLLEIPULVER, MILCHZUCKER, Rapsöl, HÜHNERTROCKENEIEIWEISS, Karamellzuckersirup, Gewürz, GERSTENMALZEXTRAKT, Vanilleextrakt, Farbstoff: Beta-Carotin. Kann andere SCHALENFRÜCHTE, ERDNÜSSE, LUPINE und SESAM enthalten.",2151,515,"27,2","15,5","59,2","34,9","5,9","0,42",https://www.edeka24.de/Lebensmittel/Suess-Salzig/Gebaeck-Kekse-Waffeln/Lambertz-Compliments-Gebaeckmischung-2x-250G.html,https://www.edeka24.de/out/pictures/generated/product/1/540_540_90/lacompliments_gebaeckm500g.jpg
3286,Lebensmittel,Süß & Salzig,Gebäck-Kekse-Waffeln,Bahlsen Butterblätter 125G,"2,89 €","23,12 €/kg","inkl. MwSt., zzgl. 4.95 € Versandkosten.",lieferbar innerhalb von 2-5 Werktagen,2023-05-03 01:59:16.157587,Zartes Buttergebäck,Hinweis zur Aufbewahrung: Trocken lagern.,"Verantwortliches Lebensmittelunternehmen:
Bahlsen GmbH & Co. KG, Podbielskistraße 11, D-30163 Hannover","Zutatenverzeichnis: WEIZENMEHL, BUTTER (25%), Zucker, gemahlene MANDELN, Glukosesirup, MOLKENERZEUGNIS, Salz, Backtriebmittel: Natriumcarbonate, Diphosphate; gemahlene HASELNÜSSE, Stärke (WEIZEN), HÜHNERVOLLEI.",2063,492,22,13,65,23,"7,5","0,31",https://www.edeka24.de/Lebensmittel/Suess-Salzig/Gebaeck-Kekse-Waffeln/Bahlsen-Butterblaetter-125G.html,https://www.edeka24.de/out/pictures/generated/product/1/540_540_90/bahlsen_butterbltter.jpg
3287,Lebensmittel,Süß & Salzig,Gebäck-Kekse-Waffeln,Lambertz Coco-Fleur 125G,"1,09 €","8,72 €/kg","inkl. MwSt., zzgl. 4.95 € Versandkosten.",lieferbar innerhalb von 2-5 Werktagen,2023-05-03 01:59:19.556396,Feines Gebäck mit 28% Zartbitterschokolade und Kokosraspeln,Hinweis zur Aufbewahrung: Trocken lagern und vor Wärme schützen,"Verantwortliches Lebensmittelunternehmen:
Aachener Printen- und Schokoladenfabrik Henry Lambertz GmbH & Co. KG, D-52001 Aachen","Zutatenverzeichnis: Zucker, WEIZENMEHL, pflanzliches Fett (Palm), Kakaomasse, WEIZENSTÄRKE, Kakaobutter, Kokosraspel (2%), BUTTERREINFETT, HÜHNEREIWEIß, SüßMOLKENPULVER, Emulgatoren (Mono- und Diglyceride von Speisefettsäuren, SOJA-Lecithine), natürliches Aroma, Salz, Produkt kann Spuren von ERDNÜSSEN, SCHALENFRÜCHTEN, SESAM enthalten.",2258,541,"32,1","18,3","54,4",33,"6,6","0,15",https://www.edeka24.de/Lebensmittel/Suess-Salzig/Gebaeck-Kekse-Waffeln/Lambertz-Coco-Fleur-125G.html,https://www.edeka24.de/out/pictures/generated/product/1/540_540_90/lambertzchocofleur.jpg
3288,Lebensmittel,Süß & Salzig,Gebäck-Kekse-Waffeln,Manner Schnitten Zitrone 400G,"3,79 €","9,48 €/kg","inkl. MwSt., zzgl. 4.95 € Versandkosten.",lieferbar innerhalb von 2-5 Werktagen,2023-05-03 01:59:22.672424,Knusprige Waffeln mit Zitronencremefüllung (80%),Hinweis zur Aufbewahrung: Bei Zimmertemperatur und trocken lagern.,"Verantwortliches Lebensmittelunternehmen:
Josef Manner & Comp. AG, 1171 Wien, Österreich","Zutatenverzeichnis: Zucker, pflanzliche Fette (Kokos, Palm), WEIZENMEHL, Glukosesirup, Zitronensaftpulver (entspricht 1,6% Zitronensaft in der Creme), natürliche Zitronenaromen, Emulgator: Lecithine (SOJA), Backtriebmittel: Natriumhydrogencarbonat, Salz. Kann Spuren von NÜSSEN und MILCHbestandteilen enthalten.",2162,515,27,23,64,45,"2,8","0,09",https://www.edeka24.de/Lebensmittel/Suess-Salzig/Gebaeck-Kekse-Waffeln/Manner-Schnitten-Zitrone-400G.html,https://www.edeka24.de/out/pictures/generated/product/1/540_540_90/mannerzitrone.jpg
3289,Lebensmittel,Süß & Salzig,Gebäck-Kekse-Waffeln,Leibniz Haferkeks 230G,"1,79 €","7,78 €/kg","inkl. MwSt., zzgl. 4.95 € Versandkosten.",lieferbar innerhalb von 2-5 Werktagen,2023-05-03 01:59:25.881795,Hafer-Mürbekeks,"Hinweis zur Aufbewahrung: Trocken lagern, vor Wärme schützen.","Verantwortliches Lebensmittelunternehmen:
Bahlsen, 30001 Hannover","Zutatenverzeichnis: Zarte HAFERFLOCKEN (35 %), WEIZENMEHL (32 %), Zucker, Sonnenblumenöl, MAGERMILCHPULVER, Emulgatoren: Mono- und Diglyceride von Speisefettsäuren, Lecithine; Backtriebmittel: Natriumcarbonate, Ammoniumcarbonate; Salz, Aromen (MILCH), Säuerungsmittel: Citronensäure. Kann enthalten: EIER.",1959,467,18,"2,2",66,24,"7,8","0,43",https://www.edeka24.de/Lebensmittel/Suess-Salzig/Gebaeck-Kekse-Waffeln/Leibniz-Haferkeks-230G.html,https://www.edeka24.de/out/pictures/generated/product/1/540_540_90/leibniz_haferkeks_230g.jpg
3290,Lebensmittel,Süß & Salzig,Gebäck-Kekse-Waffeln,Alnatura Bio Butter Sables 110G,"2,29 €","20,82 €/kg","inkl. MwSt., zzgl. 4.95 € Versandkosten.",lieferbar innerhalb von 2-5 Werktagen,2023-05-03 01:59:29.510966,Bio-Mürbegebäck mit 31% Butter,Hinweis zur Aufbewahrung: Bitte trocken lagern und vor Wärme schützen.,"Verantwortliches Lebensmittelunternehmen:
Alnatura GmbH, Mahatma-Ghandi-Str. 7, 64295 Darmstadt","Zutatenverzeichnis: WEIZENMEHL* Type 550, BUTTER* 31%, Rübenzucker*, Meersalz. Kann Spuren von EI, MILCH, MANDEL, HASELNUSS und PISTAZIE enthalten. *aus biologischer Landwirtschaft.",2187,523,27,17,63,23,"5,8","0,13",https://www.edeka24.de/Lebensmittel/Suess-Salzig/Gebaeck-Kekse-Waffeln/Alnatura-Bio-Butter-Sables-110G.html,https://www.edeka24.de/out/pictures/generated/product/1/540_540_90/bio_alnatura_butter_sables_110g.jpg
3291,Lebensmittel,Süß & Salzig,Gebäck-Kekse-Waffeln,Kölln knuspriger Haferkeks 200G,"3,29 €","16,45 €/kg","inkl. MwSt., zzgl. 4.95 € Versandkosten.",lieferbar innerhalb von 2-5 Werktagen,2023-05-03 01:59:33.262470,Hafergebäck,Hinweis zur Aufbewahrung: Vor Wärme geschützt und trocken lagern.,"Verantwortliches Lebensmittelunternehmen:
Peter Kölln GmbH & Co. KGaA, 25333 Elmshorn, Deutschland","Zutatenverzeichnis: VOLLKORN-HAFERFLOCKEN (29 %), WEIZENMEHL, BUTTER, Zucker, Sonnenblumenöl, Honig (5%), Backtriebmittel (Dinatriumdiphosphat, Natriumhydrogencarbonat), Salz",2139,512,27,12,58,16,"6,5","0,82",https://www.edeka24.de/Lebensmittel/Suess-Salzig/Gebaeck-Kekse-Waffeln/Koelln-knuspriger-Haferkeks-200G.html,https://www.edeka24.de/out/pictures/generated/product/1/540_540_90/klln_cakes_200_g.jpg
3292,Lebensmittel,Süß & Salzig,Gebäck-Kekse-Waffeln,Alnatura Bio Dinkel Löffelbiskuits 125G,"2,29 €","18,32 €/kg","inkl. MwSt., zzgl. 4.95 € Versandkosten.",lieferbar innerhalb von 2-5 Werktagen,2023-05-03 01:59:36.675423,Bio Dinkel Löffel Biskuits,Hinweis zur Aufbewahrung: Bitte trocken lagern und vor Wärme schützen.,"Verantwortliches Lebensmittelunternehmen:
Alnatura Produktions- und Handels GmbH, Mahatma-Gandhi-Str. 7, 64295 Darmstadt","Zutatenverzeichnis: DINKELMEHL* 41 %, Zucker*, VOLLEI*, Backtriebmittel: Ammoniumcarbonate*aus biologischer Landwirtschaft.",1751,414,4,"1,1",82,41,11,"0,28",https://www.edeka24.de/Lebensmittel/Suess-Salzig/Gebaeck-Kekse-Waffeln/Alnatura-Bio-Dinkel-Loeffelbiskuits-125G.html,https://www.edeka24.de/out/pictures/generated/product/1/540_540_90/bio_alnaloeffelbiskuits_125g.jpg
3293,Lebensmittel,Süß & Salzig,Gebäck-Kekse-Waffeln,Alnatura Bio Schoko Reis Waffeln Zartbitter Orange 100G,"1,59 €","15,90 €/kg","inkl. MwSt., zzgl. 4.95 € Versandkosten.",lieferbar innerhalb von 2-5 Werktagen,2023-05-03 01:59:39.326037,Bio Reiswaffeln mit Zartbitterschokolade und Orangenöl,Hinweis zur Aufbewahrung: Bitte trocken lagern und vor Wärme schützen.,"Verantwortliches Lebensmittelunternehmen:
Alnatura GmbH, Mahatma-Gandhi-Straße 7, 64295 Darmstadt","Zutatenverzeichnis: Zartbitterschokolade* 60 % (Rohrohrzucker*, Kakaomasse*, Kakaobutter*,Emulgator: SOJALECITHIN*, Orangenöl* 0,1 %), Reiswaffeln* 40 %(Vollkornreis* 99,7 %, Meersalz) *aus biologischer Landwirtschaft . Kann Spuren von MILCH, NÜSSEN und SESAM enthalten.",2015,481,22,13,62,27,"6,2","0,13",https://www.edeka24.de/Lebensmittel/Suess-Salzig/Gebaeck-Kekse-Waffeln/Alnatura-Bio-Schoko-Reis-Waffeln-Zartbitter-Orange-100G.html,https://www.edeka24.de/out/pictures/generated/product/1/540_540_90/alnatura_bio_schoko_reis_waffeln_zartbitter_orange_100g.jpg
3294,Lebensmittel,Süß & Salzig,Gebäck-Kekse-Waffeln,Milka Cookie Sensations Oreo 156G,"1,99 €","12,76 €/kg","inkl. MwSt., zzgl. 4.95 € Versandkosten.",lieferbar innerhalb von 2-5 Werktagen,2023-05-03 01:59:43.183611,Kakaokekse mit Alpenmilch Schokoladenstückchen (12%) und einer Füllung mit Vanillegeschmack (25%).,Hinweis zur Aufbewahrung: Trocken lagern und vor Wärme schützen.,"Verantwortliches Lebensmittelunternehmen:
Mondelez Deutschland GmbH, 28078 Bremen","Zutatenverzeichnis: Zucker, WEIZENMEHL, Palmöl, BUTTEREINFETT, Kakaopulver (3,5%), Rapsöl, Molkenpulver (aus MILCH), Stärke, VOLLMILCHPULVER, Kakaomasse, Kakaobutter, WEIZENSTÄRKE, Backtriebmittel (Ammoniumcarbonate, Natriumcarbonate, Diphosphate), MILCHZUCKER, Emulgator (SOJALECITHINE), Speisesalz, Aromen, MAGERMILCHPULVER. Kann EI enthalten.",2173,520,29,14,60,39,"4,2","0,55",https://www.edeka24.de/Lebensmittel/Suess-Salzig/Gebaeck-Kekse-Waffeln/Milka-Cookie-Sensations-Oreo-156G.html,https://www.edeka24.de/out/pictures/generated/product/1/540_540_90/milka_cookies_sensation_oreo_156g.jpg
3295,Lebensmittel,Süß & Salzig,Gebäck-Kekse-Waffeln,Manner Schnitten mit Haselnusscreme 400G,"3,79 €","9,48 €/kg","inkl. MwSt., zzgl. 4.95 € Versandkosten.",lieferbar innerhalb von 2-5 Werktagen,2023-05-03 01:59:46.304742,Knusprige Waffeln mit Haselnusscremefüllung (82%),Hinweis zur Aufbewahrung: Bei Zimmertemperatur und trocken lagern.,"Verantwortliches Lebensmittelunternehmen:
Josef Manner & Comp. AG, Wilhelminenstraße 6, AUT-1171 Wien","Zutatenverzeichnis: Zucker, WEIZENMEHL, Pflanzenfette (Kokos, Palm), HASELNÜSSE (12% in der Creme), mageres Kakaopulver, Backtriebmittel: Natri umhydrogencarbonat, Salz, Emulgator: SOJALECITHIN, natürliches Aroma. Kann Spuren von anderen NÜSSEN und MILCHbestandteilen enthalten.",2038,485,"21,6","13,3","65,3","45,9","5,6","0,1",https://www.edeka24.de/Lebensmittel/Suess-Salzig/Gebaeck-Kekse-Waffeln/Manner-Schnitten-mit-Haselnusscreme-400G.html,https://www.edeka24.de/out/pictures/generated/product/1/540_540_90/manner_schnitten_mit_haselnusscreme.jpg
3296,Lebensmittel,Süß & Salzig,Gebäck-Kekse-Waffeln,Lambertz Divina 113G,"1,79 €","15,84 €/kg","inkl. MwSt., zzgl. 4.95 € Versandkosten.",lieferbar innerhalb von 2-5 Werktagen,2023-05-03 01:59:49.422274,Gebäckröllchen,Hinweis zur Aufbewahrung: Trocken lagern und vor Wärme schützen.,"Verantwortliches Lebensmittelunternehmen:
Aachener Printen- und Schokoladenfabrik Henry Lambertz GmbH & Co.KG, 52001 Aachen","Zutatenverzeichnis: Zucker, WEIZENMEHL, pflanzliche Fette (Palm, Kokos), HÜHNEREIEIWEIß, MAGERMILCHPULVER, Rapsöl, Salz, Emulgator: Mono- und Diglyceride von Speisefettsäuren; natürliches Aroma. Kann SCHALENFRÜCHTE enthalten.",2203,527,"27,9","14,4","62,5","38,8","5,3","0,31",https://www.edeka24.de/Lebensmittel/Suess-Salzig/Gebaeck-Kekse-Waffeln/Lambertz-Divina-113G.html,https://www.edeka24.de/out/pictures/generated/product/1/540_540_90/lambertz_divina_113g.jpg
3297,Lebensmittel,Süß & Salzig,Gebäck-Kekse-Waffeln,Mc Vities Milk Chocolate Weizenkekse 200G,"2,29 €","11,45 €/kg","inkl. MwSt., zzgl. 4.95 € Versandkosten.",lieferbar innerhalb von 2-5 Werktagen,2023-05-03 01:59:52.282833,Weizenkekse mit Milchschokolade,Hinweis zur Aufbewahrung: Kühl und trocken lagern.,"Verantwortliches Lebensmittelunternehmen:
Genuport Trade GmbH, D-22848 Norderstedt","Zutatenverzeichnis: Mehl (39%) (WEIZENMEHL, Kalciumkarbonat, Eisen, Niacin, Thiamin) MILCHSCHOKOLADE (30%) (Zucker, Kakaobutter, Kakaomasse, MAGERMILCHPULVER, MOLKEPULVER) BUTTERÖL, pflanzliche Fette(Sal und/oder Shea, Palm), Emulgator: SOJALECITHIN (E476), natürliche Aromen), Palmöl, TROCKENMILCH, WEIZENMEHL, Zucker, Glukose-Fruktose Sirup, Backtriebmittel: (Natriumhydrogencarbonat, Apfelsäure, Ammoniumhydrogencarbonat), Salz.",495,2071,"23,6","12,4","62,2","29,5","6,7",1,https://www.edeka24.de/Lebensmittel/Suess-Salzig/Gebaeck-Kekse-Waffeln/Mc-Vities-Milk-Chocolate-Weizenkekse-200G.html,https://www.edeka24.de/out/pictures/generated/product/1/540_540_90/3389_mcv-milk-chocolate-200g.jpg
3298,Lebensmittel,Süß & Salzig,Gebäck-Kekse-Waffeln,Bahlsen Rekord Gebäckmischung 350G,"3,49 €","9,97 €/kg","inkl. MwSt., zzgl. 4.95 € Versandkosten.",lieferbar innerhalb von 2-5 Werktagen,2023-05-03 01:59:54.994841,"Gebäckmischung mit edelherber Schokolade (9,4%) und Fruchtfüllung (5,5%)","Hinweis zur Aufbewahrung: Trocken lagern, vor Wärme schützen.","Verantwortliches Lebensmittelunternehmen:
Bahlsen, 30001 Hannover","Zutatenverzeichnis: WEIZENMEHL, Zucker, Palmöl, Kakaomasse, Glukosesirup, Glukose-Fruktose-Sirup, Kakaobutter, MOLKENERZEUGNIS, Apfelsinenschalen, Backtriebmittel: Natriumcarbonate; Salz, Aromen, MAGERMILCHPULVER, Johannisbeersaftkonzentrat, Säuerungsmittel: Citronensäure; Emulgator: Lecithine; Geliermittel: Pektine; Sauerkirschsaftkonzentrat, Holunderbeersaftkonzentrat, HÜHNERVOLLEIPULVER. Auf der Anlage werden auch verarbeitet: SOJA, HASELNÜSSE.",2008,479,21,11,64,29,"6,6","0,6",https://www.edeka24.de/Lebensmittel/Suess-Salzig/Gebaeck-Kekse-Waffeln/Bahlsen-Rekord-Gebaeckmischung-350G.html,https://www.edeka24.de/out/pictures/generated/product/1/540_540_90/bahlsen_rekord_gebamp228ckmischung_350g.jpg
3299,Lebensmittel,Süß & Salzig,Gebäck-Kekse-Waffeln,Oreo Enrobed White Kekse 246G,"3,49 €","14,19 €/kg","inkl. MwSt., zzgl. 4.95 € Versandkosten.",lieferbar innerhalb von 2-5 Werktagen,2023-05-03 01:59:58.206817,"Kakaokekse (38 %) mit einer Crèmefüllung (19 %) mit Vanillegeschmack, überzogen mit weißer Fettglasur (43 %).",Hinweis zur Aufbewahrung: Trocken lagern und vor Wärme schützen.,"Verantwortliches Lebensmittelunternehmen:
Mondelez Deutschland GmbH, D-28078 Bremen","Zutatenverzeichnis: Zucker, WEIZENMEHL, Palmöl, Sheaöl, Rapsöl, MAGERMILCHPULVER, fettarmes Kakaopulver 2,6 %, WEIZENSTÄRKE, Molkenpulver (aus MILCH), MILCHZUCKER, Glukose-Fruktose-Sirup, BUTTERREINFETT, Emulgatoren (SOJALECITHINE, E492), Backtriebmittel (Ammoniumcarbonate, Kaliumcarbonate, Natriumcarbonate), Speisesalz, Säureregulator (Natriumhydroxid), Aromen.",532,2228,25,11,70,51,"4,9","0,54",https://www.edeka24.de/Lebensmittel/Suess-Salzig/Gebaeck-Kekse-Waffeln/Oreo-Enrobed-White-Kekse-246G.html,https://www.edeka24.de/out/pictures/generated/product/1/540_540_90/oreo_white_choc_kekse_246_g.jpg
3300,Lebensmittel,Süß & Salzig,Gebäck-Kekse-Waffeln,Alnatura Bio Dinkel Waffel Blätter Vollmilch 125G,"2,69 €","21,52 €/kg","inkl. MwSt., zzgl. 4.95 € Versandkosten.",lieferbar innerhalb von 2-5 Werktagen,2023-05-03 02:00:01.780514,Bio Dinkelwaffeln in Vollmilchschokolade,Hinweis zur Aufbewahrung: Bitte trocken lagern und vor Wärme schützen.,"Verantwortliches Lebensmittelunternehmen:
Alnatura GmbH, Mahatma-Gandhi-Straße 7, 64295 Darmstadt","Zutatenverzeichnis: Vollmilchschokolade* 88 % (Rohrohrzucker*, Kakaobutter*, VOLLMILCHPULVER*, Kakaomasse*), Dinkelwaffeln* 12 % (DINKELMEHL*¹ 94%, Kokosfett*, Emulgator: Sonnenblumenlecithin*, Meersalz, Backtriebmittel: Natriumhydrogencarbonat(Natron)) *aus biologischer Landwirtschaft ¹ Dinkel ist eine Urweizenart. Kann Spuren von EI, SOJA, MANDEL, NÜSSEN und SESAM enthalten.",2402,577,38,23,50,40,"7,2","0,21",https://www.edeka24.de/Lebensmittel/Suess-Salzig/Gebaeck-Kekse-Waffeln/Alnatura-Bio-Dinkel-Waffel-Blaetter-Vollmilch-125G.html,https://www.edeka24.de/out/pictures/generated/product/1/540_540_90/alnatura_bio_dinkel_waffel_bltter_vollmilch_125_g.jpg
3301,Lebensmittel,Süß & Salzig,Gebäck-Kekse-Waffeln,Alnatura Bio Joghurt Reiswaffeln 100G,"1,79 €","17,90 €/kg","inkl. MwSt., zzgl. 4.95 € Versandkosten.",lieferbar innerhalb von 2-5 Werktagen,2023-05-03 02:00:09.048541,Bio Reiswaffeln mit Joghurtüberzug,Hinweis zur Aufbewahrung: Bitte trocken lagern und vor Wärme schützen.,"Verantwortliches Lebensmittelunternehmen:
Alnatura GmbH, Darmstädter Str. 63, 64404 Bickenbach","Zutatenverzeichnis: Joghurtüberzug * 60% (Rohrzucker*, Kakaobutter*,MAGERMILCHJOGHURTPULVER* 9%, VOLLMILCHPULVER*), Reiswaffeln* 40% (Vollkornreis* 99%, SESAM*, Meersalz). Kann Spuren von SOJA und NÜSSEN enthalten. *aus biologischer Landwirtschaft. Kann Spuren von Soja, Nüssen und Sesam enthalten.",2136,510,26,16,62,31,"6,4","0,22",https://www.edeka24.de/Lebensmittel/Suess-Salzig/Gebaeck-Kekse-Waffeln/Alnatura-Bio-Joghurt-Reiswaffeln-100G.html,https://www.edeka24.de/out/pictures/generated/product/1/540_540_90/alnatura_bio_joghurt_reiswaffeln_100g.jpg
3302,Lebensmittel,Süß & Salzig,Gebäck-Kekse-Waffeln,Veganz Bio Schokokeks 150G,"2,29 €","15,27 €/kg","inkl. MwSt., zzgl. 4.95 € Versandkosten.",lieferbar innerhalb von 2-5 Werktagen,2023-05-03 02:00:12.499025,Bio-Mürbekeks mit Schokolade und Kakao,Hinweis zur Aufbewahrung: Trocken lagern und vor Wärme schützen.,"Verantwortliches Lebensmittelunternehmen:
Veganz Group AG, Warschauer Str. 32, 10243 Berlin","Zutatenverzeichnis: WEIZENMEHL*, Rohrohrzucker*, Sonnenblumenöl*, Schokolade* (8,3%) (Kakaomasse*, Rohrohrzucker*, Kakaobutter*, Emulgator: SOJALECITHIN*), Kakao* schwach entölt (2,9 %), Meersalz. Kann Spuren von ERDNÜSSEN, SCHALENFRÜCHTEN, SESAM, anderem GLUTENHALTIGEN GETREIDE, EIERN und MILCH enthalten. *aus kontrolliert biologischem Anbau",2051,490,23,"4,4",62,24,"6,6","0,15",https://www.edeka24.de/Lebensmittel/Suess-Salzig/Gebaeck-Kekse-Waffeln/Veganz-Bio-Schokokeks-150G.html,https://www.edeka24.de/out/pictures/generated/product/1/540_540_90/veganzschokokekse.jpg
3303,Lebensmittel,Süß & Salzig,Gebäck-Kekse-Waffeln,EDEKA Cookies Zartbitter Cranberry Hazelnut 180G,"1,89 €","10,50 €/kg","inkl. MwSt., zzgl. 4.95 € Versandkosten.",lieferbar innerhalb von 2-5 Werktagen,2023-05-03 02:00:16.146178,-,,"Verantwortliches Lebensmittelunternehmen:
EDEKA ZENTRALE Stiftung & Co. KG, D-22291 Hamburg","Zutatenverzeichnis: WEIZENMEHL, Zartbitterschokolade (Kakaomasse, Zucker, Glukosesirup, Emulgator Lecithine), Zucker, pflanzliche Öle (Palm, Sonnenblume), getrocknete, gezuckerte Cranberries (Cranberries, Zucker, Sonnenblumenöl), HAFERMEHL, BUTTER, HASELNUSSSTÜCKCHEN, Glukose-Fruktose-Sirup, LAKTOSE, EIPULVER, Backtriebmittel: Natriumcarbonate, Diphosphate, Speisesalz. Das Produkt kann Spuren von anderen SCHALENFRÜCHTEN enthalten.",2071,495,"25,4","11,7","58,6","36,3","5,8","0,60",https://www.edeka24.de/Lebensmittel/Suess-Salzig/Gebaeck-Kekse-Waffeln/EDEKA-Cookies-Zartbitter-Cranberry-Hazelnut-180G.html,https://www.edeka24.de/out/pictures/generated/product/1/540_540_90/edeka_cookies_zartbitter_cranberry_hazelnut_180g.jpg
3304,Lebensmittel,Süß & Salzig,Gebäck-Kekse-Waffeln,"De Beukelaer Prinzen Rolle Minis 5ST 187,5G","1,99 €","10,61 €/kg","inkl. MwSt., zzgl. 4.95 € Versandkosten.",lieferbar innerhalb von 2-5 Werktagen,2023-05-03 02:00:19.396509,Doppelkekse mit Kakaocremefüllung (35%),Hinweis zur Aufbewahrung: Vor Wärme schützen. Trocken lagern. Nach dem Öffnen innerhalb weniger Tage verzehren.,"Verantwortliches Lebensmittelunternehmen:
Griesson - de Beukelaer, D-56751 Polch","Zutatenverzeichnis: WEIZENMEHL, Zucker, pflanzliche Fette (Palm, Palmkern, Kokos, Sonnenblume in veränderlichen Gewichtsanteilen), Glukosesirup, fettarmes Kakaopulver (4%), Backtriebmittel (Ammoniumhydrogencarbonat, Natriumhydrogencarbonat), MAGERMILCHPULVER, Salz, MOLKENERZEUGNIS, Säureregulator (Natriumcarbonat). Kann Spuren enthalten von: SOJA, SCHALENFRÜCHTEN, EI.",484,2029,20,13,68,32,"6,4","0,33",https://www.edeka24.de/Lebensmittel/Suess-Salzig/Gebaeck-Kekse-Waffeln/De-Beukelaer-Prinzen-Rolle-Minis-5ST-187-5G.html,https://www.edeka24.de/out/pictures/generated/product/1/540_540_90/beukprinzenrolle_mini_1875g.jpg
3305,Lebensmittel,Süß & Salzig,Gebäck-Kekse-Waffeln,Leibniz Minis-Butterkekse 150G,"1,69 €","11,27 €/kg","inkl. MwSt., zzgl. 4.95 € Versandkosten.",lieferbar innerhalb von 2-5 Werktagen,2023-05-03 02:00:22.634984,Butterkeks,Hinweis zur Aufbewahrung: Trocken lagern.,"Verantwortliches Lebensmittelunternehmen:
Bahlsen GmbH & Co. KG, Podbielskistraße 11, D-30163 Hannover","Zutatenverzeichnis: WEIZENMEHL, Zucker, BUTTER (11%), Glukosesirup, MOLKENERZEUGNIS, Backtriebmittel: Natriumcarbonate",1849,439,11,"6,4",76,25,"7,5","0,85",https://www.edeka24.de/Lebensmittel/Suess-Salzig/Gebaeck-Kekse-Waffeln/Leibniz-Minis-Butterkekse-150G.html,https://www.edeka24.de/out/pictures/generated/product/1/540_540_90/leibnizminisbutterkeks.jpg
3306,Lebensmittel,Süß & Salzig,Gebäck-Kekse-Waffeln,Griesson Schokokeks Vollmilch 125G,"1,39 €","11,12 €/kg","inkl. MwSt., zzgl. 4.95 € Versandkosten.",lieferbar innerhalb von 2-5 Werktagen,2023-05-03 02:00:25.489487,Butterkeks mit Vollmilch-Schokolade (63%),Hinweis zur Aufbewahrung: Vor Wärme schützen. Trocken lagern. Nach dem Öffnen innerhalb weniger Tage verzehren.,"Verantwortliches Lebensmittelunternehmen:
Griesson - de Beukelaer GmbH & Co. KG, August-Horch-Str. 23, D-56751 Polch","Zutatenverzeichnis: Zucker, WEIZENMEHL, Kakaobutter, Kakaomasse, MAGERMILCHPULVER, BUTTER (4%), MILCHZUCKER, Glukosesirup, BUTTERREINFETT, Backtriebmittel (Natriumhydrogencarbonat, Ammoniumhydrogencarbonat), Emulgator (SOJALECITHINE), VOLLMILCHPULVER, SÜßMOLKENPULVER, Salz, Säuerungsmittel (Citronensäure).Kann Spuren enthalten von: SCHALENFRÜCHTEN.",511,2139,26,16,61,39,7,"0,38",https://www.edeka24.de/Lebensmittel/Suess-Salzig/Gebaeck-Kekse-Waffeln/Griesson-Schokokeks-Vollmilch-125G.html,https://www.edeka24.de/out/pictures/generated/product/1/540_540_90/schoko_keks_300_p1.jpg
3307,Lebensmittel,Süß & Salzig,Gebäck-Kekse-Waffeln,Manner Neapolitaner Schnitten Rosa 75G,"1,19 €","15,87 €/kg","inkl. MwSt., zzgl. 4.95 € Versandkosten.",lieferbar innerhalb von 2-5 Werktagen,2023-05-03 02:00:29.729855,Knusprige Waffeln mit Haselnusscremefüllung (82%),Hinweis zur Aufbewahrung: Bei Zimmertemperatur und trocken lagern.,"Verantwortliches Lebensmittelunternehmen:
Josef Manner & Comp. AG, Wilhelminenstraße 6, AUT-1171 Wien","Zutatenverzeichnis: Zucker, WEIZENMEHL, Pflanzenfette (Kokos, Palm), HASELNÜSSE (12 % in der Creme), mageres Kakaopulver, Backtriebmittel: Natriumhydrogencarbonat, Salz, Emulgator: SOJALECITHIN, natürliches Aroma. Kann Spuren von anderen Nüssen und Milchbestandteilen enthalten.",485,2038,"21,6","13,3","65,3","45,9","5,6","0,1",https://www.edeka24.de/Lebensmittel/Suess-Salzig/Gebaeck-Kekse-Waffeln/Manner-Neapolitaner-Schnitten-Rosa-75G.html,https://www.edeka24.de/out/pictures/generated/product/1/540_540_90/9000331604275_mannerneapolitanerrosa75g.jpg
3308,Lebensmittel,Süß & Salzig,Gebäck-Kekse-Waffeln,Ferrero Kinder Duo 150G,"2,79 €","18,60 €/kg","inkl. MwSt., zzgl. 4.95 € Versandkosten.",lieferbar innerhalb von 2-5 Werktagen,2023-05-03 02:00:33.192706,Keks mit Vollmilchschokolade und Weißer Schololade.,Hinweis zur Aufbewahrung: Kühl und trocken aufbewahren.,"Verantwortliches Lebensmittelunternehmen:
Ferrero E-60624 Frankfurt am Main (EU)","Zutatenverzeichnis: WEIZENMEHL (30,5 %), VOLLMILCHSCHOKOLADE 23,5 % (Zucker, VOLLMILCHPULVER, Kakaobutter, Kakaomasse, Emulgator Lecithine (SOJA), Vanillin), Weiße Schokolade 23,5 % (Kakaobutter, Zucker, MAGERMILCHPULVER, BUTTERREINFETT, Emulgator Lecithine (SOJA), Vanillin), Zucker, Palmöl, SAHNEPULVER, EIPULVER, Backtriebmittel Ammoniumhydrogencarbonat, Natriumhydrogencarbonat; Salz, Vanillin. Gesamtmilchbestandteile im Produkt: 13,5 % Kann MANDELN, HASELNÜSSE, WALNÜSSE, KASCHUNÜSSE, PECANNÜSSE, PARANÜSSE, PISTAZIEN, MACADAMIANÜSSE und SENF enthalten",2190,524,"28,1",17,"59,8","35,3","7,2","0,334",https://www.edeka24.de/Lebensmittel/Suess-Salzig/Gebaeck-Kekse-Waffeln/Ferrero-Kinder-Duo-150G.html,https://www.edeka24.de/out/pictures/generated/product/1/540_540_90/kinderduo.jpg
3309,Lebensmittel,Süß & Salzig,Gebäck-Kekse-Waffeln,Lambertz Florentines Mix 150G,"2,99 €","19,93 €/kg","inkl. MwSt., zzgl. 4.95 € Versandkosten.",lieferbar innerhalb von 2-5 Werktagen,2023-05-03 02:00:36.719307,"Mandel-Haselnuss-Florentiner mit 17% Vollmilchschokolade, 9% Zartbitterschokolade und 2% weißer Schokolade.",Hinweis zur Aufbewahrung: Trocken lagern und vor Wärme schützen.,"Verantwortliches Lebensmittelunternehmen:
Aachener Printen- und Schokoladenfabrik Henry Lambertz GmbH & Co. KG, 52001 Aachen","Zutatenverzeichnis: Zucker, 23% MANDELN, Glukosesirup, Palmfett, 6% HASELNÜSSE, Kakaomasse, Kakaobutter, MAGERMILCHPULVER, SÜßMOLKENPULVER, VOLLMILCHPULVER, BUTTERREINFETT, Emulgatoren: Lecithine (enthält SOJA); natürliches Aroma. Kann andere SCHALENFRÜCHTE, ERDNÜSSE, EI, GLUTEN, LUPINE und SESAM enthalten.",2325,558,"35,6","10,7","48,4","36,3","9,4","0,43",https://www.edeka24.de/Lebensmittel/Suess-Salzig/Gebaeck-Kekse-Waffeln/Lambertz-Florentines-Mix-150G.html,https://www.edeka24.de/out/pictures/generated/product/1/540_540_90/lambertzflorentines.jpg
3310,Lebensmittel,Süß & Salzig,Gebäck-Kekse-Waffeln,Bonne Maman Tartelettes Chocolat Caramel 135G,"3,19 €","23,63 €/kg","inkl. MwSt., zzgl. 4.95 € Versandkosten.",lieferbar innerhalb von 2-5 Werktagen,2023-05-03 02:00:40.246318,Törtchen mit Milchschokolade und Karamell,"Hinweis zur Aufbewahrung: Trocken, kühl (max. 25°C) und lichtgeschützt lagern.","Verantwortliches Lebensmittelunternehmen:
Gateaux Bonne Maman , BP 20, Contres, 41700 Le Controis-en-Sologne","Zutatenverzeichnis: WEIZENMEHL, MILCHSCHOKOLADE 27% (Zucker,Kakaobutter, VOLLMILCHPULVER, Kakaomasse, Emulgator : Sonnenblumenlecithine, natürliches Vanillearoma), Karamell 20 % ( Glukosesirup, Invertzuckersirup, BUTTER, gezuckerte KONDENSMILCH, Salz, Zucker, Emulgator: Sonnenblumenlecithine, natürliches Aroma), Zucker, BUTTER, EIER, MAGERMILCHPULVER, Salz, Backtriebmittel:Natriumcarbonate und Citronensäure. Kann Spuren von SCHALENFRÜCHTEN und SESAMSAMEN enthalten.",2053,490,22,14,66,41,"6,1","0,94",https://www.edeka24.de/Lebensmittel/Suess-Salzig/Gebaeck-Kekse-Waffeln/Bonne-Maman-Tartelettes-Chocolat-Caramel-135G.html,https://www.edeka24.de/out/pictures/generated/product/1/540_540_90/bonne_maman_tartelettes_chocolat_lait_caramel_135g.jpg
3311,Lebensmittel,Süß & Salzig,Gebäck-Kekse-Waffeln,Mikado Zartherbe Schokolade 75G,"1,79 €","23,87 €/kg","inkl. MwSt., zzgl. 4.95 € Versandkosten.",lieferbar innerhalb von 2-5 Werktagen,2023-05-03 02:00:43.107750,Kekse überzogen mit dunkler Schokolade (49%).,Hinweis zur Aufbewahrung: Trocken lagern und vor Wärme schützen.,"Verantwortliches Lebensmittelunternehmen:
Mondelez Deutschland, D-28078 Bremen","Zutatenverzeichnis: WEIZENMEHL, Zucker, Kakaomasse, pflanzliche Fette (Palm, Kokos), Kakaobutter, Süßmolkenpulver (aus MILCH), BUTTERREINFETT, Speisesalz, Emulgatoren (SOJALECITHIN, E476), Backtriebmittel (E503), Hefe, Aroma. KANN NÜSSE ENTHALTEN.",1962,468,18,11,66,32,"6,4","0,78",https://www.edeka24.de/Lebensmittel/Suess-Salzig/Gebaeck-Kekse-Waffeln/Mikado-Zartherbe-Schokolade-75G.html,https://www.edeka24.de/out/pictures/generated/product/1/540_540_90/mikado_zartherb_75_g.jpg
3312,Lebensmittel,Süß & Salzig,Gebäck-Kekse-Waffeln,Bahlsen Chokini 150G,"2,89 €","19,27 €/kg","inkl. MwSt., zzgl. 4.95 € Versandkosten.",lieferbar innerhalb von 2-5 Werktagen,2023-05-03 02:00:46.003596,Gebäck mit edelherben Schokoladenstückchen (20%) - mit Orangengeschmack,Hinweis zur Aufbewahrung: Kühl und trocken lagern.,"Verantwortliches Lebensmittelunternehmen:
Bahlsen GmbH & Co. KG, Podbielskistraße 11, D-30163 Hannover","Zutatenverzeichnis: WEIZENMEHL, Zucker, Palmöl, Kakaomasse, Glukosesirup, VOLLMILCHPULVER, Backtriebmittel: Natriumcarbonate, Diphosphate; Apfelsinenschalen, Kakaobutter, Glukose-Fruktose-Sirup, Aromen, HÜHNERVOLLEI, Emulgator: Lecithine; Stärke (WEIZEN), Säuerungsmittel: Citronensäure; gemahlene MANDELN, gemahlene HASELNÜSSE.",2064,493,23,12,63,28,"6,8","0,41",https://www.edeka24.de/Lebensmittel/Suess-Salzig/Gebaeck-Kekse-Waffeln/Bahlsen-Chokini-150G.html,https://www.edeka24.de/out/pictures/generated/product/1/540_540_90/bahlsen_chokini.jpg
3313,Lebensmittel,Süß & Salzig,Gebäck-Kekse-Waffeln,Nutella Biscuits 304G,"3,29 €","10,82 €/kg","inkl. MwSt., zzgl. 4.95 € Versandkosten.",lieferbar innerhalb von 2-5 Werktagen,2023-05-03 02:00:49.264483,Kekse mit Nuss-Nougat-Creme-Füllung,,"Verantwortliches Lebensmittelunternehmen:
Ferrero, 60624 Frankfurt am Main","Zutatenverzeichnis: Nuss-Nugat-Creme 40 % (Zucker, Palmöl, HASELNÜSSE 13%**,MAGERMILCHPULVER 8,7 %**, fettarmer Kakao 7,4 %**, EmulgatorLecithine (SOJA), Vanillin), WEIZENMEHL (32,5 %),pflanzliche Fette (Palm, Palmkern), Rohrzucker 8,5 % (enthählt WEIZEN), MILCHZUCKER, WEIZENKLEIE, VOLLMILCHPULVER, Honig, Backtriebmittel: Dinatriumdiphosphat,Natriumhydrogencarbonat, Ammoniumhydrogencarbonat; GERSTENMALZ-und Maisextraktpulver, WEIZENSTÄRKE, Emulgator Lecithine (SOJA), Vanillin.**entspricht im Gesamterzeugnis: HASELNÜSSE 5,2 %, MAGERMILCHPULVER 3,5%, fettarmer Kakao 3%. Kann SENF enthalten.",2138,511,"24,6","11,5","63,3","35,4","7,9","0,547",https://www.edeka24.de/Lebensmittel/Suess-Salzig/Gebaeck-Kekse-Waffeln/Nutella-Biscuits-304G.html,https://www.edeka24.de/out/pictures/generated/product/1/540_540_90/nutella_biscuits_304g.jpg
3314,Lebensmittel,Süß & Salzig,Gebäck-Kekse-Waffeln,Alnatura Bio Dinkel Doppel Keks Zartbitter 330G,"2,69 €","8,15 €/kg","inkl. MwSt., zzgl. 4.95 € Versandkosten.",lieferbar innerhalb von 2-5 Werktagen,2023-05-03 02:00:52.230524,Bio Doppelkeks aus Dinkelmehl mit 30 % Zartbitter-Kakaocreme-Füllung,Hinweis zur Aufbewahrung: Bitte trocken lagern und vor Wärme schützen.,"Verantwortliches Lebensmittelunternehmen:
Alnatura GmbH, Mahatma-Gandhi-Straße 7, 64295 Darmstadt","Zutatenverzeichnis: DINKELMEHL*¹ Type 1050 (44 %), Rohrohrzucker*, Palmfett*, Kakaopulver* schwach entölt 9 %, Honig*, VOLLMILCHPULVER*, Glukosesirup*, Backtriebmittel: Natriumhydrogencarbonat (Natron), Meersalz *aus biologischer Landwirtschaft ¹ Dinkel ist eine Urweizenart . Kann Spuren von EI, SOJA, MANDEL, HASELNUSS und PARANUSS enthalten.",2077,496,24,12,60,28,"7,5","0,25",https://www.edeka24.de/Lebensmittel/Suess-Salzig/Gebaeck-Kekse-Waffeln/Alnatura-Bio-Dinkel-Doppel-Keks-Zartbitter-330G.html,https://www.edeka24.de/out/pictures/generated/product/1/540_540_90/alnatura_bio_dinkel_doppel_keks.jpg
3315,Lebensmittel,Süß & Salzig,Gebäck-Kekse-Waffeln,Mc Vities Dark Chocolate Weizenkekse 200G,"2,29 €","11,45 €/kg","inkl. MwSt., zzgl. 4.95 € Versandkosten.",lieferbar innerhalb von 2-5 Werktagen,2023-05-03 02:00:54.993515,Knuspriger Weizenkeks halbseitig mit Zartbitterschokolade überzogen,Hinweis zur Aufbewahrung: Kühl und trocken lagern.,"Verantwortliches Lebensmittelunternehmen:
Genuport Trade GmbH, D-22848 Norderstedt","Zutatenverzeichnis: Mehl (39%) (WEIZENMEHL, Kalziumkarbonat, Eisen, Niacin, Thiamin), Schokolade (30%) (Zucker, Kakamasse, Pflanzenfett (Palm,Sal, Shea), BUTTERÖL (MILCH), Kakaobutter, Emulgator: SOJALECITHIN (E476), natürliche Aromen), Palmöl, VOLLKORNWEIZENMEHL (9%), Zucker, Glukose-Fruktose Sirup, Backtriebmittel: (Natriumkarbonate,Apfelsäure, Ammoniumkarbonat), Salz.",2077,496,"24,3","12,9","61,1","26,6",6,"0,83",https://www.edeka24.de/Lebensmittel/Suess-Salzig/Gebaeck-Kekse-Waffeln/Mc-Vities-Dark-Chocolate-Weizenkekse-200G.html,https://www.edeka24.de/out/pictures/generated/product/1/540_540_90/3388-mcv-dark-chocolate-200g.jpg
3316,Lebensmittel,Süß & Salzig,Gebäck-Kekse-Waffeln,Loacker Napolitaner 90g,"1,59 €","17,67 €/kg","inkl. MwSt., zzgl. 4.95 € Versandkosten.",lieferbar innerhalb von 2-5 Werktagen,2023-05-03 02:00:57.624429,Knusprige Waffeln mit Haselnusscreme (75% Creme),Hinweis zur Aufbewahrung: Kühl und trocken lagern; Raumtemperatur max. 22°C,"Verantwortliches Lebensmittelunternehmen:
Loacker AG, I - 39054 Unterinn, Auna di Sotto, South Tyrol","Zutatenverzeichnis: WEIZENMEHL, Kokosöl, Glukosesirup, Zucker, HASELNÜSSE 9% inder Creme, SÜßMOLKENPULVER (MILCH), SOJAMEHL, MAGERMILCHPULVER, magerer Kakao, Dextrose, GERSTENMALEXTRAKT, Backtriebmittel (Natriumhydrogencarbonat, Dinatriumdiphosphat), Salz, Emulgator SOJALECITHINE, Bourbon Vanilleschoten, Gewürze.",519,2169,27,20,59,26,"8,1","0,33",https://www.edeka24.de/Lebensmittel/Suess-Salzig/Gebaeck-Kekse-Waffeln/Loacker-Napolitaner-90g.html,https://www.edeka24.de/out/pictures/generated/product/1/540_540_90/loackerclassic.jpg
3317,Lebensmittel,Süß & Salzig,Gebäck-Kekse-Waffeln,Alnatura Bio Dinkel Knusper Taler Zartbitter 100G,"2,69 €","26,90 €/kg","inkl. MwSt., zzgl. 4.95 € Versandkosten.",lieferbar innerhalb von 2-5 Werktagen,2023-05-03 02:01:00.347567,Bio Dinkelwaffeln in Zartbitterschokolade mit Mandelsplitterkrokant,Hinweis zur Aufbewahrung: Bitte trocken lagern und vor Wärme schützen.,"Verantwortliches Lebensmittelunternehmen:
Alnatura Produktions- und Handels GmbH, Mahatma-Gandhi-Str. 7, 64295 Darmstadt","Zutatenverzeichnis: Zartbitterschokolade* 63% (Kakaomasse*, Rohrohrzucker*, Kakaobutter*),Mandelsplitterkrokant* 27% (MANDELSPLITTER* geröstet 87%,Rohrohrzucker*, Glukosesirup*, BUTTER*, Honig*, VOLLMILCHPULVER*),Dinkelwaffeln* 10% (DINKELMEHL* 76%, Rohrohrzucker*, Rapsöl*,HÜHNEREIGELBPULVER*, Meersalz) *aus biologischer Landwirtschaft. Kann Spuren von SOJA, NÜSSEN und SESAM enthalten.",2440,588,44,19,33,23,11,"0,1",https://www.edeka24.de/Lebensmittel/Suess-Salzig/Gebaeck-Kekse-Waffeln/Alnatura-Bio-Dinkel-Knusper-Taler-Zartbitter-100G.html,https://www.edeka24.de/out/pictures/generated/product/1/540_540_90/alnatura_bio_dinkel_knusper_taler_zartbitter.jpg
3318,Lebensmittel,Süß & Salzig,Gebäck-Kekse-Waffeln,Nestle Choco Crossies Crunchy Balls Vollmilch 200G,"3,49 €","17,45 €/kg","inkl. MwSt., zzgl. 4.95 € Versandkosten.",lieferbar innerhalb von 2-5 Werktagen,2023-05-03 02:01:03.988095,-,,"Verantwortliches Lebensmittelunternehmen:
Nestlé Deutschland AG, D-60523 Frankfurt am Main","Zutatenverzeichnis: VOLLMILCHSCHOKOLADE (Zucker, Kakaomasse 8,1%, MAGERMILCHPULVER, Kakaobutter, BUTTERREINFETT, MOLKENERZEUGNIS, MILCHZUCKER, Emulgator Lecithine, natürliches Vanillearoma), knusprige WEIZENCEREALIEN 19% (WEIZENMEHL 14,3%, WEIZENGLUTEN, Zucker, WEIZENMALZMEHL, Backriebmittel Natirumcarbonate, Salz), pflanzliche Fette (Palm, Shea), MILCHZUCKER, Überzugsmittel (Gummi arabicum, Schellack), Emulgator Lecithine, natürliches Vanillearoma. Kann enthalten: NÜSSE.",2122,507,"25,0","15,0","61,9","49,9","7,0","0,71",https://www.edeka24.de/Lebensmittel/Suess-Salzig/Gebaeck-Kekse-Waffeln/Nestle-Choco-Crossies-Crunchy-Balls-Vollmilch-200G.html,https://www.edeka24.de/out/pictures/generated/product/1/540_540_90/nestle_choco_crossies_crunchy_balls_vollmilch_200g.jpg
3320,Lebensmittel,Süß & Salzig,Gebäck-Kekse-Waffeln,Griesson Unsere Kekszeit 397G,"4,49 €","11,31 €/kg","inkl. MwSt., zzgl. 4.95 € Versandkosten.",lieferbar innerhalb von 2-5 Werktagen,2023-05-03 02:01:10.659297,"Gebäckmischung mit Milch. (22,6%), Zartbitter- (5,1%) und weißer Schokolade (1,4%).",Hinweis zur Aufbewahrung: Vor Wärme schützen. Trocken lagern.,"Verantwortliches Lebensmittelunternehmen:
Griesson - de Beukelaer, 56751 Polch","Zutatenverzeichnis: Zucker, WEIZENMEHL, pflanzliche Fette (Palm, Sonnenblume, Palmkern, Kokos in veränderlichen Gewichtsanteilen), Kakaomasse°, Kakaobutter°, MAGERMILCHPULVER, Glukosesirup, VOLLMILCHPULVER, fettarmes Kakaopulver°, MILCHZUCKER, BUTTER, BUTTERREINFETT, SÜßMOLKENPULVER, Backtriebmittel (Natriumhydrogencarbonat, Ammoniumhydrogencarbonat, Dinatriumdiphosphat), flüssiges HÜHNERVOLLEI, WEIZENSTÄRKE, HASELNUSSMARK, Emulgatoren (Lecithine (enthält SOJA)), Speisesalz, Kakaopulver°, Sonnenblumenöl, Glukose-Fruktose-Sirup, Aromen, Karamellzuckersirup, GERSTENMALZEXTRAKT, HÜHNEREIKLARPULVER, MOLKENERZEUGNIS, Säuerungsmittel (Citronensäure), Säureregulator (Natriumcarbonat). Kann Spuren enthalten von: anderen SCHALENFRÜCHTEN (CH: WALNÜSSE, MANDELN, PISTAZIEN). °Rainforest Alliance Certified.",2087,499,25,14,60,38,"6,9","0,53",https://www.edeka24.de/Lebensmittel/Suess-Salzig/Gebaeck-Kekse-Waffeln/Griesson-Unsere-Kekszeit-397G.html,https://www.edeka24.de/out/pictures/generated/product/1/540_540_90/griesson_unsere_kekszeit_397g.jpg
3321,Lebensmittel,Süß & Salzig,Gebäck-Kekse-Waffeln,Vehappy Bio Doppelkeks mit Kakaocreme vegan 330G,"2,79 €","8,45 €/kg","inkl. MwSt., zzgl. 4.95 € Versandkosten.",lieferbar innerhalb von 2-5 Werktagen,2023-05-03 02:01:13.800517,-,,"Verantwortliches Lebensmittelunternehmen:
Euco GmbH, D-22291 Hamburg","Zutatenverzeichnis: 75% Keks (WEIZENMEHL*, Zucker*, Palmfett*, Glukosesirup*, Backtriebmittel: Natriumcarbonate, Ammoniumcarbonate; Meersalz), Kakaocremefüllung (Zucker*, Palmfett*, fettarmes Kakaopulver*, Stärke*). Das Produkt kann Spuren von EIERN, MILCH, SCHALENFRÜCHTEN und SOJA enthalten. *Zutaten aus kontrolliert ökologischer Landwirtschaft",2077,496,"22,0","11,0","67,0","27,0","5,9","0,40",https://www.edeka24.de/Lebensmittel/Suess-Salzig/Gebaeck-Kekse-Waffeln/Vehappy-Bio-Doppelkeks-mit-Kakaocreme-vegan-330G.html,https://www.edeka24.de/out/pictures/generated/product/1/540_540_90/bio_vehappy_doppelkeks_mit_kakaocreme_vegan_330g.jpg
3322,Lebensmittel,Süß & Salzig,Gebäck-Kekse-Waffeln,Griesson Chocolate Mountain Cookies Big Nut 150G,"0,99 €","6,60 €/kg","inkl. MwSt., zzgl. 4.95 € Versandkosten.",lieferbar innerhalb von 2-5 Werktagen,2023-05-03 02:01:16.950580,Knuspriges Mürbegebäck mit 10% Zartbitterschokoladenstückchen und 8% gehackten Haselnüssen,Hinweis zur Aufbewahrung: Vor Wärme schützen. Trocken lagern. Nach dem Öffnen innerhalb weniger Tage verzehren.,"Verantwortliches Lebensmittelunternehmen:
Griesson - de Beukelaer GmbH & Co. KG, August-Horch-Str. 23, D-56751 Polch","Zutatenverzeichnis: WEIZENMEHL, Zucker, Palmfett, GERöSTETE GEHACKTE HASELNÜSSE (8%), FLÜSSIGES HÜHNERVOLLEI, Kakaomasse, Kakaopulver, WEIZENSTÄRKE, Glukose-Fruktose-Sirup, Backtriebmittel (Dinatriumdiphosphat, Natriumhydrogencarbonat), Salz, Emulgator (Sonnenblumenlecithine)Kann Spuren enthalten von: ANDEREN SCHALENFRÜCHTEN, SOJA, MILCH. Kann Schalenbestandteile enthalten.",2111,505,27,12,56,28,"7,5",1,https://www.edeka24.de/Lebensmittel/Suess-Salzig/Gebaeck-Kekse-Waffeln/Griesson-Chocolate-Mountain-Cookies-Big-Nut-150G.html,https://www.edeka24.de/out/pictures/generated/product/1/540_540_90/coockies_big_nut_300_p1.jpg
3323,Lebensmittel,Süß & Salzig,Gebäck-Kekse-Waffeln,Leibniz Pick UP! Mini Choco & Milk 127G,"2,69 €","21,18 €/kg","inkl. MwSt., zzgl. 4.95 € Versandkosten.",lieferbar innerhalb von 2-5 Werktagen,2023-05-03 02:01:20.419715,Milchschokoladentafel (29 %) mit Milchcremefüllung (11 %) im Gebäck-Sandwich,"Hinweis zur Aufbewahrung: Trocken lagern, vor Wärme schützen.","Verantwortliches Lebensmittelunternehmen:
BAHLSEN, 30001 HANNOVER","Zutatenverzeichnis: WEIZENMEHL, Zucker, pflanzliche Fette (Palm, Kokos), Kakaobutter, Kakaomasse, VOLLMILCHPULVER (4,2 %), Glukosesirup, MAGERMILCHPULVER (1,1 %), MOLKENERZEUGNIS, BUTTERREINFETT, Backtriebmittel: Natriumcarbonate, Diphosphate; Salz, Emulgator: Lecithine (SOJA); Aromen (MILCH), Stärke (WEIZEN), gemahlene HASELNÜSSE, Säuerungsmittel: Citronensäure; HÜHNEREIGELBPULVER.",2146,513,26,16,62,37,"6,4","0,5",https://www.edeka24.de/Lebensmittel/Suess-Salzig/Gebaeck-Kekse-Waffeln/Leibniz-Pick-UP-Mini-Choco-Milk-127G.html,https://www.edeka24.de/out/pictures/generated/product/1/540_540_90/leibnizpickupminischocmilk.jpg
3324,Lebensmittel,Süß & Salzig,Gebäck-Kekse-Waffeln,Kuchemeister Koala Milch 75G,"1,89 €","25,20 €/kg","inkl. MwSt., zzgl. 4.95 € Versandkosten.",lieferbar innerhalb von 2-5 Werktagen,2023-05-03 02:01:23.639578,Mit Milchcreme gefüllte Kekse (angereichert mit Calcium und Magnesium),"Hinweis zur Aufbewahrung: Trocken lagern, vor Wärme schützen. Mindestens haltbar bis: siehe Verpackungsaufdruck","Verantwortliches Lebensmittelunternehmen:
Kuchenmeister GmbH, Coesterweg 31, D - 59494 Soest","Zutatenverzeichnis: 63% Milchcreme (Zucker, Palmfett*, 9% SAHNEPULVER, Kakaobutter, 3% MAGERMILCHPULVER, Emulgator: Lecithine; natürliches Aroma), WEIZENMEHL, Stärke, Palmfett*, Zucker, EIER, Rapsöl, Salz, Backtriebmittel: Ammoniumcarbonate, Natriumcarbonate; Calciumcarbonat, Magnesiumcarbonat, Karamellzuckersirup. (*zertifiziertes nachhaltiges Palmöl). Dieses Produkt kann Spuren von SCHALENFRÜCHTEN enthalten.",546,2281,31,19,62,39,"4,4","0,55",https://www.edeka24.de/Lebensmittel/Suess-Salzig/Gebaeck-Kekse-Waffeln/Kuchemeister-Koala-Milch-75G.html,https://www.edeka24.de/out/pictures/generated/product/1/540_540_90/koala_milch_fs-neutral_freisteller_850.jpg
3325,Lebensmittel,Süß & Salzig,Gebäck-Kekse-Waffeln,Alnatura Bio Schoko Reis Waffeln Vollmilch Cocos 100G,"1,69 €","16,90 €/kg","inkl. MwSt., zzgl. 4.95 € Versandkosten.",lieferbar innerhalb von 2-5 Werktagen,2023-05-03 02:01:26.773833,Bio Reiswaffeln mit Vollmilchschokolade und Kokosraspeln,Hinweis zur Aufbewahrung: Bitte trocken lagern und vor Wärme schützen.,"Verantwortliches Lebensmittelunternehmen:
Alnatura GmbH, Darmstädter Str. 63, 64404 Bickenbach","Zutatenverzeichnis: Vollmilchschokolade* 54% (Rohrohrzucker*, Kakaobutter*, VOLLMILCHPULVER*, Kakaomasse*, Bourbonvanilleextrakt*), Reiswaffeln* 40% (Vollkornreis* 99%, SESAM*, Meersalz), Kokosraspeln* 6% *aus biologischer Landwirtschaft . Kann Spuren von SOJA und NÜSSEN enthalten.",2045,489,25,15,57,25,"7,3","0,22",https://www.edeka24.de/Lebensmittel/Suess-Salzig/Gebaeck-Kekse-Waffeln/Alnatura-Bio-Schoko-Reis-Waffeln-Vollmilch-Cocos-100G.html,https://www.edeka24.de/out/pictures/generated/product/1/540_540_90/alnaturaschokoreiswaffelnvmcocos.jpg
3326,Lebensmittel,Süß & Salzig,Gebäck-Kekse-Waffeln,Bonne Maman Tartelettes Citron 125G,"3,19 €","25,52 €/kg","inkl. MwSt., zzgl. 4.95 € Versandkosten.",lieferbar innerhalb von 2-5 Werktagen,2023-05-03 02:01:29.498522,Zitronentörtchen,"Hinweis zur Aufbewahrung: Trocken, kühl (max. 25°C) und lichtgeschützt lagern","Verantwortliches Lebensmittelunternehmen:
Gateaux Bonne Maman , BP 20, Contres, 41700 Le Controis-en-Sologne","Zutatenverzeichnis: WEIZENMEHL, Zucker, Invertzuckersirup, BUTTER, EIER, Sonnenblumenöl, MANDELPULVER, Zitronenpüree 1,3 %, natürliches Zitronenaroma, Säuerungsmittel: Citronensäure, Salz, Geliermittel: Pektine. Kann Spuren von anderen SCHALENFRÜCHTEN und SESAMSAMEN enthalten.",1831,436,18,"8,5",63,40,5,"0,3",https://www.edeka24.de/Lebensmittel/Suess-Salzig/Gebaeck-Kekse-Waffeln/Bonne-Maman-Tartelettes-Citron-125G.html,https://www.edeka24.de/out/pictures/generated/product/1/540_540_90/bonne_maman_tartelettes_zitrone_125g.jpg
3327,Lebensmittel,Süß & Salzig,Gebäck-Kekse-Waffeln,Bahlsen Pick Up Original 5ST 140G,"2,29 €","16,36 €/kg","inkl. MwSt., zzgl. 4.95 € Versandkosten.",lieferbar innerhalb von 2-5 Werktagen,2023-05-03 02:01:32.782033,Milchschokoladentafel (45%) im Gebäck-Sandwich.,"Hinweis zur Aufbewahrung: Trocken lagern, vor Wärme schützen.","Verantwortliches Lebensmittelunternehmen:
Bahlsen, 30001 Hannover","Zutatenverzeichnis: WEIZENMEHL, Zucker, Kakaobutter, Kakaomasse, Palmöl, VOLLMILCHPULVER, Glukosesirup, MAGERMILCHPULVER, BUTTERREINFETT, Salz, Molkenerzeugnis (MILCH), Backtriebmittel: Natriumcarbonate, Diphosphate; Emulgator: Lecithine; Aromen, gemahlene HASELNÜSSE, Stärke (WEIZEN), Säuerungsmittel: Citronensäure. Kann enthalten: EIER.",2139,511,26,15,61,35,"6,9","0,49",https://www.edeka24.de/Lebensmittel/Suess-Salzig/Gebaeck-Kekse-Waffeln/Bahlsen-Pick-Up-Original-5ST-140G.html,https://www.edeka24.de/out/pictures/generated/product/1/540_540_90/bahlsen_pick_up_choco_5x28g.jpg
3328,Lebensmittel,Süß & Salzig,Gebäck-Kekse-Waffeln,Leibniz Zoo 30% weniger Zucker 125G,"1,69 €","13,52 €/kg","inkl. MwSt., zzgl. 4.95 € Versandkosten.",lieferbar innerhalb von 2-5 Werktagen,2023-05-03 02:01:35.902379,Butterkeks.,"Hinweis zur Aufbewahrung: Trocken lagern, vor Wärme schützen.","Verantwortliches Lebensmittelunternehmen:
Bahlsen, 30001 Hannover","Zutatenverzeichnis: WEIZENMEHL (72 %), Oligofruktose, Zucker, BUTTER (9,1 %), Maismehl, HÜHNERVOLLEIPULVER, Invertzuckersirup, Molkenerzeugnis (MILCH), Backtriebmittel: Natriumcarbonate, Ammoniumcarbonate; Emulgator: Lecithine; Salz, Aromen (MILCH).",1774,422,"9,5","5,8",71,13,"8,5","0,57",https://www.edeka24.de/Lebensmittel/Suess-Salzig/Gebaeck-Kekse-Waffeln/Leibniz-Zoo-30-weniger-Zucker-125G.html,https://www.edeka24.de/out/pictures/generated/product/1/540_540_90/leibnizzoo-zucker.jpg
3329,Lebensmittel,Süß & Salzig,Gebäck-Kekse-Waffeln,Alnatura Bio Schoko Dinkel Kugeln 125G,"2,29 €","18,32 €/kg","inkl. MwSt., zzgl. 4.95 € Versandkosten.",lieferbar innerhalb von 2-5 Werktagen,2023-05-03 02:01:39.092075,Bio Knusperkugeln mit Dinkel in Vollmilchschokolade,Hinweis zur Aufbewahrung: Bitte trocken lagern und vor Wärme schützen.,"Verantwortliches Lebensmittelunternehmen:
Alnatura GmbH, Darmstädter Str. 63, 64404 Bickenbach","Zutatenverzeichnis: Vollmilchschokolade* 69% (Rohrohrzucker*, Kakaobutter*,VOLLMILCHPULVER*, Kakaomasse*), DINKELVOLLKORNMEHL* 15%, Maismehl*,GERSTENMALZMEHL*, Rohrohrzucker*, Meersalz, Kakaopulver* stark entölt,Ceylon-Zimt*, Überzugsmittel: Gummi arabicum* *aus biologischer Landwirtschaft. Kann Spuren von SOJA, MANDEL, NÜSSEN und SESAM enthalten.",2113,506,28,17,54,33,"7,4","0,29",https://www.edeka24.de/Lebensmittel/Suess-Salzig/Gebaeck-Kekse-Waffeln/Alnatura-Bio-Schoko-Dinkel-Kugeln-125G.html,https://www.edeka24.de/out/pictures/generated/product/1/540_540_90/alnatura_bio_schoko_dinkel_kugeln_125_g.jpg
3330,Lebensmittel,Süß & Salzig,Gebäck-Kekse-Waffeln,De Beukelaer Decor On Ice Eiswaffeln 20ST 50G,"1,29 €","25,80 €/kg","inkl. MwSt., zzgl. 4.95 € Versandkosten.",lieferbar innerhalb von 2-5 Werktagen,2023-05-03 02:01:43.249057,Eiswaffel mit heller Cremefüllung (45%).,Hinweis zur Aufbewahrung: Vor Wärme schützen. Trocken lagern. Nach dem Öffnen innerhalb weniger Tage verzehren.,"Verantwortliches Lebensmittelunternehmen:
Griesson - de Beukelaer GmbH & Co. KG, 56751 Polch","Zutatenverzeichnis: WEIZENMEHL, Zucker, Palmfett, SAHNEPULVER, Palmöl, SÜßMOLKENPULVER, MAGERMILCHPULVER, Glukose-Fruktose-Sirup, Emulgator (Lecithine), Speisesalz, Backtriebmittel (Natriumhydrogencarbonat), natürliches Vanillearoma, fettarmes Kakaopulver, natürliches Vanillearoma mit anderen natürlichen Aromen. Kann Spuren enthalten von: SCHALENFRÜCHTEN (CH: HASELNÜSSE), EI, SOJA.",2095,500,23,12,65,23,"7,2","0,2",https://www.edeka24.de/Lebensmittel/Suess-Salzig/Gebaeck-Kekse-Waffeln/De-Beukelaer-Decor-On-Ice-Eiswaffeln-20ST-50G.html,https://www.edeka24.de/out/pictures/generated/product/1/540_540_90/de_beukelaer_premium_eiswaffeln_20st_50g.jpg
3331,Lebensmittel,Süß & Salzig,Gebäck-Kekse-Waffeln,Lambertz Gebäckmischung Composition 1KG,"10,99 €","10,99 €/kg","inkl. MwSt., zzgl. 4.95 € Versandkosten.",lieferbar innerhalb von 2-5 Werktagen,2023-05-03 02:01:46.200044,-,,"Verantwortliches Lebensmittelunternehmen:
Aachener Printen- Schokoladenfabrik Henry Lambertz GmbH & Co. KG, D-52001 Aachen","Zutatenverzeichnis: WEIZENMEHL, Zucker, pflanzliche Fette (Palm, Kokos), Kakaomasse, Kakaobutter, BUTTERREINFETT, Kandisfarinzucker, Invertzuckersirup, WEIZENSTÄRKE, MAGERMILCHPULVER, VOLLMILCHPULVER, pflanzliche Öle (Raps, Sonnenblume), SÜßMOLKENPULVER, fettarmes Kakaopulver, Emulgatoren: Lecithine (enthält SOJA), Mono- und Diglyceride von Speisefettsäuren; MILCHZUCKER, Kokosraspeln, flüssiges HÜHNEREIEIWEIß, Dextrose, HASELNÜSSE, modifizierte Stärke, kandierte Orangenschalen (Orangenschalen, Glukose-Fruktose-Sirup, Zucker, Säuerungsmittel: Citronensäure), VOLLEIPULVER, Salz, Backtriebmittel: Natriumcarbonate, Diphosphate, Ammoniumcarbonate; Glukosesirup, natürliches Aroma, Kaffeepulver, Puffreis, HÜHNERTROCKENEIEIWEIß, MILCHEIWEIß, flüssiges HÜHNEREIEIGELB, Farbstoff: Beta-Carotin. Kann andere SCHALENFRÜCHTE, ERDNÜSSE, LUPINE und SESAM enthalten.",2155,515,"26,4","14,2","62,4","32,1","5,8","0,2",https://www.edeka24.de/Lebensmittel/Suess-Salzig/Gebaeck-Kekse-Waffeln/Lambertz-Gebaeckmischung-Composition-1KG.html,https://www.edeka24.de/out/pictures/generated/product/1/540_540_90/lambertz_gebamp228ckmischung_composition_1kg.jpg
3332,Lebensmittel,Süß & Salzig,Gebäck-Kekse-Waffeln,Bahlsen Kipferl 125G,"2,89 €","23,12 €/kg","inkl. MwSt., zzgl. 4.95 € Versandkosten.",lieferbar innerhalb von 2-5 Werktagen,2023-05-03 02:01:49.351713,Feines Haselnussgebäck - mit Vanillegeschmack,Hinweis zur Aufbewahrung: Trocken lagern.,"Verantwortliches Lebensmittelunternehmen:
Bahlsen GmbH & Co. KG, Podbielskistraße 11, D-30163 Hannover","Zutatenverzeichnis: WEIZENMEHL, pflanzliche Fette (Palm), Zucker, HASELNÜSSE (12%), VOLLMILCHPULVER, HÜHNERVOLLEI, geröstetes GERSTENVOLLKORNMEHL, Dextrose, Emulgator: Lecithine; Stärke (WEIZEN), MAGERMILCHPULVER, Aroma, Backtriebmittel: Diphosphate, Natriumcarbonate; Glukosesirup, Trennmittel: Magnesiumsalze der Speisefettsäuren; gemahlene MANDELN, Säuerungsmittel: Citronensäure; Salz, HÜHNERVOLLEIPULVER, Gewürz.",2244,537,31,12,55,23,"8,3","0,25",https://www.edeka24.de/Lebensmittel/Suess-Salzig/Gebaeck-Kekse-Waffeln/Bahlsen-Kipferl-125G.html,https://www.edeka24.de/out/pictures/generated/product/1/540_540_90/bahlsen_kipferl.jpg
3333,Lebensmittel,Süß & Salzig,Gebäck-Kekse-Waffeln,Bahlsen Perpetum Vollmilch 97G,"2,89 €","29,79 €/kg","inkl. MwSt., zzgl. 4.95 € Versandkosten.",lieferbar innerhalb von 2-5 Werktagen,2023-05-03 02:01:53.427288,Waffeln mit Vollmilchschokolade,"Hinweis zur Aufbewahrung: Trocken lagern, vor Wärme schützen.","Verantwortliches Lebensmittelunternehmen:
Bahlsen - 30001 Hannover","Zutatenverzeichnis: Zucker, WEIZENMEHL, Kakaobutter, Kakaomasse, MAGERMILCHPULVER, Molkenerzeugnis (MILCH), BUTTERREINFETT, Palmöl, MILCHZUCKER, Emulgator: Lecithine; VOLLMILCHPULVER, Invertzuckersirup, HÜHNEREIGELBPULVER, Salz, Aromen, Backtriebmittel: Natriumcarbonate.",2173,520,28,18,58,45,"7,7","0,23",https://www.edeka24.de/Lebensmittel/Suess-Salzig/Gebaeck-Kekse-Waffeln/Bahlsen-Perpetum-Vollmilch-97G.html,https://www.edeka24.de/out/pictures/generated/product/1/540_540_90/bahlsenperpetumvm.jpg
3334,Lebensmittel,Süß & Salzig,Gebäck-Kekse-Waffeln,Schär Choco Keks Zartbitterschokoalde 150G,"2,69 €","17,93 €/kg","inkl. MwSt., zzgl. 4.95 € Versandkosten.",lieferbar innerhalb von 2-5 Werktagen,2023-05-03 02:01:56.992949,Glutenfreie Kekese mit Zartbitterschokolade. Speziell formuliert für Menschen mit Glutenunverträglichkeit.,Hinweis zur Aufbewahrung: Bei Raumtemperatur trocken lagern.,"Verantwortliches Lebensmittelunternehmen:
Dr. Schär AG/Spa, Zona di Produzione Winkelau 9, 39014 Postal (BZ) Italien","Zutatenverzeichnis: Maismehl, Zartbitterschokolade 30% (Kakao 60% mind.-Kakaomasse 48%, Zucker, Kakaobutter, Emulgator: SOJALECITHIN), Maisstärke, Zucker, Palmöl, Butter (MILCH), MILCHPULVER, Glukosesirup, modifizierte Maisstärke, Backtriebmittel: Ammoniumhydrogencarbonat, Natriumhydrogencarbonat; modifizierte Tapiokastärke, Meersalz, natürliches Aroma. Kann Spuren von LUPINEN enthalten",2049,489,22,12,67,23,"4,2","0,73",https://www.edeka24.de/Lebensmittel/Suess-Salzig/Gebaeck-Kekse-Waffeln/Schaer-Choco-Keks-Zartbitterschokoalde-150G.html,https://www.edeka24.de/out/pictures/generated/product/1/540_540_90/schaer_biscotti_ciocco150g.jpg
3335,Lebensmittel,Süß & Salzig,Gebäck-Kekse-Waffeln,Leibniz Zoo Original 125G,"1,69 €","13,52 €/kg","inkl. MwSt., zzgl. 4.95 € Versandkosten.",lieferbar innerhalb von 2-5 Werktagen,2023-05-03 02:01:59.882606,Butterkeks.,"Hinweis zur Aufbewahrung: Trocken lagern, vor Wärme schützen.","Verantwortliches Lebensmittelunternehmen:
Bahlsen, 30001 Hannover","Zutatenverzeichnis: WEIZENMEHL (73 %), Zucker, BUTTER (12 %), Invertzuckersirup, VOLLMILCHPULVER, Backtriebmittel: Ammoniumcarbonate, Natriumcarbonate; Emulgator: Lecithine; Salz, Aromen (MILCH). Kann enthalten: EIER.",1903,452,12,"7,4",76,20,"8,5","0,41",https://www.edeka24.de/Lebensmittel/Suess-Salzig/Gebaeck-Kekse-Waffeln/Leibniz-Zoo-Original-125G.html,https://www.edeka24.de/out/pictures/generated/product/1/540_540_90/leibniz_zoo_125g.jpg
3336,Lebensmittel,Süß & Salzig,Gebäck-Kekse-Waffeln,Milka Cookies Sensations 156G,"1,99 €","12,76 €/kg","inkl. MwSt., zzgl. 4.95 € Versandkosten.",lieferbar innerhalb von 2-5 Werktagen,2023-05-03 02:02:02.398523,"Kekse mit Alpenmilch-Schokoladenstückchen (15%) und einer Füllung (25%) mit Milchschokolade (4,5%).",Hinweis zur Aufbewahrung: Trocken lagern und vor Wärme schützen.,"Verantwortliches Lebensmittelunternehmen:
Mondelez Deutschland GmbH, Langemarckstraße 4 - 20, D-28199 Bremen","Zutatenverzeichnis: Zucker, WEIZENMEHL, Palmöl, BUTTEREINFETT, Rapsöl, Kakaomasse, VOLLMILCHPULVER, Kakaobutter, WEIZENSTÄRKE, MILCHZUCKER, modifizierte Stärke, Backtriebmittel (Ammoniumcarbonate, Natriumcarbonate, Diphosphate), Molkenpulver (aus MILCH), fettarmes Kakaopulver, Emulgator (SOJALECITHINE), Speisesalz, Aromen (enthalt MILCH), MAGERMILCHPULVER, Farbstoff (Carotin), SOJAFASERPULVER. Kann EI enthalten.",2149,514,27,13,62,39,"4,5","0,89",https://www.edeka24.de/Lebensmittel/Suess-Salzig/Gebaeck-Kekse-Waffeln/Milka-Cookies-Sensations-156G.html,https://www.edeka24.de/out/pictures/generated/product/1/540_540_90/milka_cookies_sensations_innen_schokoladig_156g.jpg
3337,Lebensmittel,Süß & Salzig,Gebäck-Kekse-Waffeln,Bahlsen Ohne Gleichen Vollmilch 125G,"2,89 €","23,12 €/kg","inkl. MwSt., zzgl. 4.95 € Versandkosten.",lieferbar innerhalb von 2-5 Werktagen,2023-05-03 02:02:05.429945,"Köstliche Vollmilchschokolade (48 %), feine Nougatcreme-Füllung (35 %) und knusperzarte Waffel",Hinweis zur Aufbewahrung: Kühl und trocken lagern.,"Verantwortliches Lebensmittelunternehmen:
Bahlsen GmbH & Co. KG, Podbielskistraße 11, D-30163 Hannover","Zutatenverzeichnis: Zucker, WEIZENMEHL, pflanzliche Fette (Palm), Kakaobutter, gemahlene HASELNÜSSE (9,8%), Kakaomasse, MAGERMILCHPULVER, MOLKENERZEUGNIS, BUTTERREINFETT, fettarmes Kakaopulver, MILCHZUCKER, Emulgator: Lecithine; VOLLMILCHPULVER, Invertzuckersirup, Aromen, Salz, Backtriebmittel: Natriumcarbonate; HÜHNEREIGELBPULVER, Gewürz.",561,2337,36,21,50,36,"7,7","0,21",https://www.edeka24.de/Lebensmittel/Suess-Salzig/Gebaeck-Kekse-Waffeln/Bahlsen-Ohne-Gleichen-Vollmilch-125G.html,https://www.edeka24.de/out/pictures/generated/product/1/540_540_90/bahlsen_ohne_gleichen_vollmilch.jpg
3338,Lebensmittel,Süß & Salzig,Gebäck-Kekse-Waffeln,Griesson Cookies Minis 125G,"1,39 €","11,12 €/kg","inkl. MwSt., zzgl. 4.95 € Versandkosten.",lieferbar innerhalb von 2-5 Werktagen,2023-05-03 02:02:08.883237,-,Hinweis zur Aufbewahrung: Vor Wärme schützen. Trocken lagern und nach dem öffnen innerhalb weniger Tage verzehren.,"Verantwortliches Lebensmittelunternehmen:
Griesson - de Beukelaer D-56751 Polch","Zutatenverzeichnis: WEIZENMEHL, Zucker, Kakaomasse°, Palmfett, Glukosesirup, flüssiges HÜHNERVOLLEI, MAGERMILCHPULVER, Kakaobutter°, Backtriebmittel (Dinatriumdiphosphat, Natriumhydrogencarbonat), BUTTERREINFETT, Glukose-Fruktose-Sirup, WEIZENSTÄRKE, Emulgator (Lecithine), Karamellzuckersirup, Speisesalz, VOLLMILCHPULVER, Aroma, Hühnereiklarpulver. Kann Spuren enthalten von: SCHALENFRÜCHTEN (CH:HASELNÜSSE, WALNÜSSE, MANDELN, PISTAZIEN, CASHEWNÜSSE), SOJA.",2100,502,26,14,58,32,7,"0,68",https://www.edeka24.de/Lebensmittel/Suess-Salzig/Gebaeck-Kekse-Waffeln/Griesson-Cookies-Minis-125G.html,https://www.edeka24.de/out/pictures/generated/product/1/540_540_90/griesson_cookies_minis_125g.jpg
3339,Lebensmittel,Süß & Salzig,Gebäck-Kekse-Waffeln,Alnatura Bio Dinkel Doppel Keks 330G,"2,69 €","8,15 €/kg","inkl. MwSt., zzgl. 4.95 € Versandkosten.",lieferbar innerhalb von 2-5 Werktagen,2023-05-03 02:02:12.243084,Bio Doppelkeks aus Dinkelmehl mit 30 % Kakaocreme-Füllung,Hinweis zur Aufbewahrung: Bitte trocken lagern und vor Wärme schützen.,"Verantwortliches Lebensmittelunternehmen:
Alnatura Produktions- und Handels GmbH, Mahatma-Gandhi-Str. 7, 64295 Darmstadt","Zutatenverzeichnis: DINKELMEHL* Type 1050 (44 %), Rohrohrzucker*, Palmfett* ungehärtet, Kakaopulver* stark entölt 3,8 %, VOLLMILCHPULVER*, Maisstärke*, Honig*,Glukosesirup*, Backtriebmittel: Natriumhydrogencarbonat (Natron),Meersalz, Bourbonvanilleschote* gemahlen*aus biologischer Landwirtschaft. Kann Spuren von EI, SOJA, MANDEL, HASELNUSS und PARANUSS enthalten.",2065,493,23,12,62,28,"7,5","0,28",https://www.edeka24.de/Lebensmittel/Suess-Salzig/Gebaeck-Kekse-Waffeln/Alnatura-Bio-Dinkel-Doppel-Keks-330G.html,https://www.edeka24.de/out/pictures/generated/product/1/540_540_90/alnaturadinkeldoppelkeks.jpg
3340,Lebensmittel,Süß & Salzig,Gebäck-Kekse-Waffeln,De Beukelaer Decor on Ice Waffelbecher 60G,"2,49 €","41,50 €/kg","inkl. MwSt., zzgl. 4.95 € Versandkosten.",lieferbar innerhalb von 2-5 Werktagen,2023-05-03 02:02:15.620186,Waffel-Becher mit kakaohaltiger Fettglasur (51%),Hinweis zur Aufbewahrung: Vor Wärme schützen. Trocken lagern. Nach dem Öffnen innerhalb weniger Tage verzehren.,"Verantwortliches Lebensmittelunternehmen:
Griesson - de Beukelaer GmbH & Co. KG, August-Horch-Str. 23, 56751 Polch","Zutatenverzeichnis: WEIZENMEHL, Palmkernfett ganz gehärtet, Zucker, fettarmes Kakaopulver (7,5 %), Emulgator (Sonnenblumenlecithine (enthält WEIZEN)), Palmkernfett, Salz, Backtriebmittel (Natriumhydrogencarbonat), MOLKENERZEUGNIS.Kann Spuren enthalten von: EI, SCHALENFRÜCHTEN, SOJA.",516,2157,27,26,59,17,"7,5","0,5",https://www.edeka24.de/Lebensmittel/Suess-Salzig/Gebaeck-Kekse-Waffeln/De-Beukelaer-Decor-on-Ice-Waffelbecher-60G.html,https://www.edeka24.de/out/pictures/generated/product/1/540_540_90/dbwaffelbecher.jpg
3341,Lebensmittel,Süß & Salzig,Gebäck-Kekse-Waffeln,Leibniz Zoo Dinkel & Hafer 125G,"1,69 €","13,52 €/kg","inkl. MwSt., zzgl. 4.95 € Versandkosten.",lieferbar innerhalb von 2-5 Werktagen,2023-05-03 02:02:18.307752,"Dinkelkeks mit Hafer (6,9%)","Hinweis zur Aufbewahrung: Trocken lagern, vor Wärme schützen.","Verantwortliches Lebensmittelunternehmen:
Bahlsen, 30001 Hannover","Zutatenverzeichnis: DINKELMEHL* (65 %), Roh-Rohrzucker, Sonnenblumenöl, HAFERVOLLKORNMEHL, Apfelextrakt, Oligofruktose, Backtriebmittel: Ammoniumcarbonate, Natriumcarbonate; Emulgator: Lecithine; Salz, Aromen (MILCH). Kann enthalten: EIER. * eine WEIZENART.",1885,448,13,"1,3",71,21,"9,3","0,47",https://www.edeka24.de/Lebensmittel/Suess-Salzig/Gebaeck-Kekse-Waffeln/Leibniz-Zoo-Dinkel-Hafer-125G.html,https://www.edeka24.de/out/pictures/generated/product/1/540_540_90/leibniz_zoo_dinkelampamphafer_125g.jpg
3342,Lebensmittel,Süß & Salzig,Gebäck-Kekse-Waffeln,Kägi Classic Minis 125G,"3,49 €","27,92 €/kg","inkl. MwSt., zzgl. 4.95 € Versandkosten.",lieferbar innerhalb von 2-5 Werktagen,2023-05-03 02:02:21.407929,Schweizer Waffelspezialität umhüllt mit Milchschokolade(42%).,Hinweis zur Aufbewahrung: Kühl und trocken lagern.,"Verantwortliches Lebensmittelunternehmen:
Kägi Söhne AG, Loretostrasse 52 9620 Lichtensteig","Zutatenverzeichnis: Zucker, Palmfett, WEIZENMEHL, VOLLMILCHPULVER, Kakaobutter, Kakaomasse, Kakaopulver, HASELNÜSSE, WEIZENFASERN gemahlen, EIGELBPULVER, Emulgator: SOJALECITHIN, Speisesalz, Backtriebmittel: Natriumhydrogencarbonat, Vanille Extrakt",2334,560,35,25,57,38,"6,5","0,24",https://www.edeka24.de/Lebensmittel/Suess-Salzig/Gebaeck-Kekse-Waffeln/Kaegi-Classic-Minis-125G.html,https://www.edeka24.de/out/pictures/generated/product/1/540_540_90/kgiclassicmini.jpg
3343,Lebensmittel,Süß & Salzig,Gebäck-Kekse-Waffeln,Alnatura Bio Kakao Doppelkeks Kokos 330G,"2,99 €","9,06 €/kg","inkl. MwSt., zzgl. 4.95 € Versandkosten.",lieferbar innerhalb von 2-5 Werktagen,2023-05-03 02:02:24.713010,Bio Kakao-Doppelkeks mit Schokoladenstückchen und 25 % Kokoscreme-Füllung,Hinweis zur Aufbewahrung: Bitte trocken lagern und vor Wärme schützen.,"Verantwortliches Lebensmittelunternehmen:
Alnatura Produktions- und Handels GmbH, Mahatma-Gandhi-Str. 7, 64295 Darmstadt","Zutatenverzeichnis: WEIZENMEHL* Type 550, Rohrohrzucker*, Palmfett*, Kokosmus* 6,5%, Kokosmehl* 4,4%, Schokoladenstückchen* 2,9% (Rohrzucker*, Kakaomasse*, Kakaobutter*), Kakaopulver* schwach entölt 2,9%, Maisstärke*, Kakaobutter*, Backtriebmittel: Natriumhydrogencarbonat (Natron) und Ammoniumhydrogencarbonat (Hirschhornsalz), Meersalz, Emulgator: Lecithin* . Kann Spuren von EI, SOJA, MILCH, MANDEL, HASELNUSS und PARANUSS enthalten.",2007,479,22,12,60,25,"7,5","0,35",https://www.edeka24.de/Lebensmittel/Suess-Salzig/Gebaeck-Kekse-Waffeln/Alnatura-Bio-Kakao-Doppelkeks-Kokos-330G.html,https://www.edeka24.de/out/pictures/generated/product/1/540_540_90/bio_alnatura_kakao_doppelkeks_kokos_330g.jpg
3344,Lebensmittel,Süß & Salzig,Gebäck-Kekse-Waffeln,De Beukelaer ChocOlé Milchschokolade 75G,"1,79 €","23,87 €/kg","inkl. MwSt., zzgl. 4.95 € Versandkosten.",lieferbar innerhalb von 2-5 Werktagen,2023-05-03 02:02:28.544272,Gebäckstäbchen mit Milchschokolade (49%),Hinweis zur Aufbewahrung: Vor Wärme schützen. Trocken lagern. Nach dem Öffnen innerhalb weniger Tage verzehren.,"Verantwortliches Lebensmittelunternehmen:
Griesson - de Beukelaer, D-56751 Polch","Zutatenverzeichnis: WEIZENMEHL, Zucker, Kakaobutter, WEIZENSTÄRKE, Kakaomasse, MAGERMILCHPULVER, MILCHZUCKER, Glukose, Palmfett, BUTTERREINFETT, Trockenhefe, Salz, Emulgator (SOJALECITHINE), natürliches Aroma, Vanillearoma, Backtriebmittel (Ammoniumhydrogencarbonat), Säureregulator (Natriumhydroxid). Kann Spuren enthalten von: SCHALENFRÜCHTEN, EI.",475,1996,18,11,70,31,"6,9","0,63",https://www.edeka24.de/Lebensmittel/Suess-Salzig/Gebaeck-Kekse-Waffeln/De-Beukelaer-ChocOl-Milchschokolade-75G.html,https://www.edeka24.de/out/pictures/generated/product/1/540_540_90/debeukelaerchocoll.jpg
3345,Lebensmittel,Süß & Salzig,Gebäck-Kekse-Waffeln,Kambly Butterfly 100G,"3,79 €","37,90 €/kg","inkl. MwSt., zzgl. 4.95 € Versandkosten.",lieferbar innerhalb von 2-5 Werktagen,2023-05-03 02:02:32.015077,Hauchdünnes Butterfeingebäck mit mandeln,Hinweis zur Aufbewahrung: Trocken lagern und vor Wärme schützen.,"Verantwortliches Lebensmittelunternehmen:
Kambly Deutschland GmbH, Schwanenstrasse 94, 88214 Ravensburg","Zutatenverzeichnis: WEIZENMEHL, Zucker, BUTTER 14%, MANDELN 10%, Kartoffelstärke, RAHM, Backtriebmittel (Natriumhydrogencarbonat), Salz. Kann Spuren von anderen SCHALENFRÜCHTEN und EIERN enthalten.",1954,465,17,"8,2",69,33,"7,5","0,33",https://www.edeka24.de/Lebensmittel/Suess-Salzig/Gebaeck-Kekse-Waffeln/Kambly-Butterfly-100G.html,https://www.edeka24.de/out/pictures/generated/product/1/540_540_90/kambly_butterfly_100g.jpg
3346,Lebensmittel,Süß & Salzig,Gebäck-Kekse-Waffeln,Coppenrath Café Kränze 250G,"1,89 €","7,56 €/kg","inkl. MwSt., zzgl. 4.95 € Versandkosten.",lieferbar innerhalb von 2-5 Werktagen,2023-05-03 02:02:34.595420,Zuckerbestreutes Mürbegebäck,Hinweis zur Aufbewahrung: Kühl und trocken lagern,"Verantwortliches Lebensmittelunternehmen:
Coppenrath Feingebäck GmbH, D-49741 Geeste/Germany","Zutatenverzeichnis: WEIZENMEHL, Zucker, pflanzliches Fett, Hagelzucker (12%),VOLLEI, Kokosraspel,GLUKOSE-FRUCTOSE-SIRUP, SOJAMEHL, Salz, Backtriebmittel (Ammoniumhydrogencarbonat und Natriumhydrogencarbonat), MAGERMILCHPULVER, Zitronenschale.",486,2039,"19,9","10,4",70,"32,8","5,9","0,43",https://www.edeka24.de/Lebensmittel/Suess-Salzig/Gebaeck-Kekse-Waffeln/Coppenrath-Caf-Kraenze-250G.html,https://www.edeka24.de/out/pictures/generated/product/1/540_540_90/copcafe_kraenze_250g.jpg
3347,Lebensmittel,Süß & Salzig,Gebäck-Kekse-Waffeln,Gille Havre Kakor 175G,"1,89 €","10,80 €/kg","inkl. MwSt., zzgl. 4.95 € Versandkosten.",lieferbar innerhalb von 2-5 Werktagen,2023-05-03 02:02:37.881069,Haferflockengebäck,Hinweis zur Aufbewahrung: Kühl und trocken lagern.,"Verantwortliches Lebensmittelunternehmen:
Continental Bakeries North Europe AB, P.O. Box 24 28621 Örkelljunga Sweden","Zutatenverzeichnis: HAFERFLOCKEN 36%, Margarine (pflanzliches Fett (Palm, Shea, Raps, Kokos), Wasser, Salz, Emulgator; Mono- und Diglyceride von Speisefettsäuren, Aroma, Antioxidant: Zitronensäure), Zucker, WEIZENMEHL, Backtriebmittel (Ammoniumcarbonate, Natriumcarbonate). Kann Spuren von EIERN, MILCH und MANDELN enthalten.",2176,521,"29,1","13,7","57,1","28,9","5,7","0,73",https://www.edeka24.de/Lebensmittel/Suess-Salzig/Gebaeck-Kekse-Waffeln/Gille-Havre-Kakor-175G.html,https://www.edeka24.de/out/pictures/generated/product/1/540_540_90/gillehavrekakor.jpg
3348,Lebensmittel,Süß & Salzig,Gebäck-Kekse-Waffeln,Continental Bakeries Französische Löffelbiskuits 400G,"2,69 €","6,73 €/kg","inkl. MwSt., zzgl. 4.95 € Versandkosten.",lieferbar innerhalb von 2-5 Werktagen,2023-05-03 02:02:41.246218,Französische Löffelbiskuits,Hinweis zur Aufbewahrung: Vor Wärme schützen und trocken lagern.,"Verantwortliches Lebensmittelunternehmen:
Continental Bakeries, P.O. Box 3001, 3301 Dordrecht, Holland","Zutatenverzeichnis: Zucker, WEIZENMEHL, EI 18%, Glukose-Sirup, Backtriebmittel (Ammoniumcarbonate), natürliches Aroma.",1629,384,"2,6","0,9","82,9","52,7","6,4","0,06",https://www.edeka24.de/Lebensmittel/Suess-Salzig/Gebaeck-Kekse-Waffeln/Continental-Bakeries-Franzoesische-Loeffelbiskuits-400G.html,https://www.edeka24.de/out/pictures/generated/product/1/540_540_90/continental_bakeries_franzamp246sische_lamp246ffelbiskuits_400g.jpg
3349,Lebensmittel,Süß & Salzig,Gebäck-Kekse-Waffeln,De Beukelaer Prinzen Rolle Cremys 172G,"2,19 €","12,73 €/kg","inkl. MwSt., zzgl. 4.95 € Versandkosten.",lieferbar innerhalb von 2-5 Werktagen,2023-05-03 02:02:44.534912,"Gebäck mit Nougatcremefüllung (35,5%)",Hinweis zur Aufbewahrung: Nach dem Öffnen innerhalb weniger Tage verzehren. Vor Wärme schützen. Trocken lagern.,"Verantwortliches Lebensmittelunternehmen:
Griesson - de Beukelaer, D-56751 Polch","Zutatenverzeichnis: WEIZENMEHL, Zucker, pflanzliche Fette (Sonnenblume, Palm, Palmkern, Kokos in veränderlichen Gewichtsanteilen), HASELNUSSMARK (6%), MAGERMILCHPULVER, SÜßMOLKENPULVER, fettarmes Kakaopulver, VOLLMILCHPULVER, Glukosesirup, Emulgator (Lecithine), Salz, GERSTENMALZEXTRAKT, Aroma, Backtriebmittel (Natriumhydrogencarbonat, Ammoniumhydrogencarbonat). Kann Spuren enthalten von: SCHALENFRÜCHTEN, EI, SOJA.",2086,498,23,"7,6",63,31,"8,4","0,53",https://www.edeka24.de/Lebensmittel/Suess-Salzig/Gebaeck-Kekse-Waffeln/De-Beukelaer-Prinzen-Rolle-Cremys-172G.html,https://www.edeka24.de/out/pictures/generated/product/1/540_540_90/de_beukelaer_prinzen_rolle_cremys_172_g.jpg
3350,Lebensmittel,Süß & Salzig,Gebäck-Kekse-Waffeln,De Beukelaer Cereola Der Kernige Milchschokolade 150G,"2,19 €","14,60 €/kg","inkl. MwSt., zzgl. 4.95 € Versandkosten.",lieferbar innerhalb von 2-5 Werktagen,2023-05-03 02:02:47.966099,Kerniges Mürbegebäck mit Milchschokolade (29%),Hinweis zur Aufbewahrung: Vor Wärme schützen. Trocken lagern. Nach dem Öffnen innerhalb weniger Tage verzehren.,"Verantwortliches Lebensmittelunternehmen:
Griesson - de Beukelaer, D-56751 Polch","Zutatenverzeichnis: WEIZENMEHL (42%), Zucker, pflanzliche Fette (Sonnenblume, Palm in veränderlichen Gewichtsanteilen), Kakaobutter, WEIZENVOLLKORNMEHL (5,5%), Kakaomasse, MAGERMILCHPULVER, Backtriebmittel (Natriumhydrogencarbonat, Ammoniumhydrogencarbonat), BUTTERREINFETT, Zuckersirup, Salz, Karamellzuckersirup, Säuerungsmittel (Citronensäure), Emulgator (SOJALECITHINE), Aroma. Kann Spuren enthalten von: SCHALENFRÜCHTEN, EI, ERDNÜSSEN, SESAM.",502,2100,24,12,62,27,"7,8",1,https://www.edeka24.de/Lebensmittel/Suess-Salzig/Gebaeck-Kekse-Waffeln/De-Beukelaer-Cereola-Der-Kernige-Milchschokolade-150G.html,https://www.edeka24.de/out/pictures/generated/product/1/540_540_90/beukcereola_schoko150g.jpg
3351,Lebensmittel,Süß & Salzig,Gebäck-Kekse-Waffeln,Manner Snack Minis Haselnuss 300G,"3,79 €","12,63 €/kg","inkl. MwSt., zzgl. 4.95 € Versandkosten.",lieferbar innerhalb von 2-5 Werktagen,2023-05-03 02:02:50.835392,Knusprige Waffeln gefüllt mit Haselnuss,Hinweis zur Aufbewahrung: Bei Zimmertemperatur und trocken lagern.,"Verantwortliches Lebensmittelunternehmen:
Josef Manner & Comp AG Wilhelminenstraße 6 A -1170 Wien","Zutatenverzeichnis: Zucker, pflanzliche Fette (Palm, Kokos), WEIZENMEHL (19%), HASELNÜSSE (10%), MAGERMILCHPULVER (10%), WEIZENVOLLKORNMEHL (5%), mageres Kakaopulver, Glukosesirup, Stärke, Salz, SAHNEPULVER (0,1%), Emulgator: Lecithine (SOJA); BUTTERREINFETT, Backtriebmittel: Natriumhydrogencarbonat; natürliches Aroma. Kann Spuren von anderen Nüssen enthalten.",2179,522,30,20,53,32,"8,4","0,30",https://www.edeka24.de/Lebensmittel/Suess-Salzig/Gebaeck-Kekse-Waffeln/Manner-Snack-Minis-Haselnuss-300G.html,https://www.edeka24.de/out/pictures/generated/product/1/540_540_90/manner_snack_minis_haselnuss_300g.jpg
3352,Lebensmittel,Süß & Salzig,Gebäck-Kekse-Waffeln,Mc Vities Digestive Original Weizenkeks 250G,"2,29 €","9,16 €/kg","inkl. MwSt., zzgl. 4.95 € Versandkosten.",lieferbar innerhalb von 2-5 Werktagen,2023-05-03 02:02:54.392839,Knuspriger Weizenkeks mit Vollkornanteil,,"Verantwortliches Lebensmittelunternehmen:
Genuport Trade GmbH, D-22848 Norderstedt","Zutatenverzeichnis: Mehl (56%) (WEIZENMEHL, Kalziumkarbonat, Eisen, Niacin, Thiamin), Palmöl, WEIZENVOLLKORNMEHL, Invertzuckersirup, Backtriebmittel: Natriumhydrogencarbonat, Apfelsäure, Salz. Kann MILCH enthalten.",483,2023,"20,3","10,3","62,7","16,8","6,9","1,5",https://www.edeka24.de/Lebensmittel/Suess-Salzig/Gebaeck-Kekse-Waffeln/Mc-Vities-Digestive-Original-Weizenkeks-250G.html,https://www.edeka24.de/out/pictures/generated/product/1/540_540_90/3391-mcv-original-250g.jpg
3353,Lebensmittel,Süß & Salzig,Gebäck-Kekse-Waffeln,Bahlsen Pick Up Dark 5ST 140G,"2,29 €","16,36 €/kg","inkl. MwSt., zzgl. 4.95 € Versandkosten.",lieferbar innerhalb von 2-5 Werktagen,2023-05-03 02:02:57.950467,Dunkle Schokoladentafel (45%) im Gebäck-Sandwich,"Hinweis zur Aufbewahrung: Trocken lagern, vor Wärme schützen.","Verantwortliches Lebensmittelunternehmen:
Bahlsen, 30001 Hannover","Zutatenverzeichnis: WEIZENMEHL, Zucker, Kakaomasse, Palmöl, Kakaobutter, Glukosesirup, Molkenerzeugnis (MILCH), BUTTERREINFETT, Backtriebmittel: Natriumcarbonate, Diphosphate; Salz, Emulgator: Lecithine; Aromen, MAGERMILCHPULVER, Stärke (WEIZEN), Säuerungsmittel: Citronensäure. Kann enthalten: EIER, HASELNÜSSE.",2105,503,25,15,61,32,"6,6","0,43",https://www.edeka24.de/Lebensmittel/Suess-Salzig/Gebaeck-Kekse-Waffeln/Bahlsen-Pick-Up-Dark-5ST-140G.html,https://www.edeka24.de/out/pictures/generated/product/1/540_540_90/pickupdark.jpg
3354,Lebensmittel,Süß & Salzig,Gebäck-Kekse-Waffeln,Manner Törtchen mit Kakao-Haselnusscreme 400G,"3,79 €","9,48 €/kg","inkl. MwSt., zzgl. 4.95 € Versandkosten.",lieferbar innerhalb von 2-5 Werktagen,2023-05-03 02:03:01.504020,Knusprige Waffeln mit Kakao-Haselnusscremefüllung (84%),Hinweis zur Aufbewahrung: Bei Zimmertemperatur und trocken lagern.,"Verantwortliches Lebensmittelunternehmen:
Josef Manner & Comp. AG, Wilhelminenstraße 6, AUT-1171 Wien","Zutatenverzeichnis: Zucker, Pflanzenfette (Kokos, Palm), WEIZENMEHL, mageres Kakaopulver (7% in der Creme), HASELNÜSSE (5% in der Creme), SÜSSM OLKENPULVER, MOLKENERZEUGNIS, Emulgator: SOJALECITHIN, Backtriebmittel: Natriumhydrogencarbonat, Salz, Aroma. Kann Spuren von anderen Nüssen enthalten.",511,2144,"26,5","20,1","61,6","45,3","4,9","0,2",https://www.edeka24.de/Lebensmittel/Suess-Salzig/Gebaeck-Kekse-Waffeln/Manner-Toertchen-mit-Kakao-Haselnusscreme-400G.html,https://www.edeka24.de/out/pictures/generated/product/1/540_540_90/manner_trtchen_mit_kakaohaselnusscreme.jpg
3355,Lebensmittel,Süß & Salzig,Gebäck-Kekse-Waffeln,Coppenrath Butter Cookies 200G,"2,29 €","11,45 €/kg","inkl. MwSt., zzgl. 4.95 € Versandkosten.",lieferbar innerhalb von 2-5 Werktagen,2023-05-03 02:03:05.453505,Mürbes Buttergebäck,Hinweis zur Aufbewahrung: Trocken lagern und vor Wärme schützen.,"Verantwortliches Lebensmittelunternehmen:
Coppenrath Feingebäck GmbH, 49741 Geeste, Emsland","Zutatenverzeichnis: WEIZENMEHL, Zucker, 20% BUTTERREINFETT, VOLLEI, Bourbon-Vanilleschotenpulver, SOJAMEHL, Glukose-Fruktose-Sirup, Salz, Backtriebmittel (Ammoniumhydrogencarbonat, Natriumhydrogencarbonat). Kann Spuren von SCHALENFRÜCHTEN enthalten.",2088,498,22,14,67,24,"7,1","0,35",https://www.edeka24.de/Lebensmittel/Suess-Salzig/Gebaeck-Kekse-Waffeln/Coppenrath-Butter-Cookies-200G.html,https://www.edeka24.de/out/pictures/generated/product/1/540_540_90/cop_coppenrath_butter_cookies_200_g.jpg
3356,Lebensmittel,Süß & Salzig,Gebäck-Kekse-Waffeln,Coppenrath Choco Cookies 200G,"2,29 €","11,45 €/kg","inkl. MwSt., zzgl. 4.95 € Versandkosten.",lieferbar innerhalb von 2-5 Werktagen,2023-05-03 02:03:09.065160,Mürbegebäck mit 11% Schokoladenstückchen und 4% Haselnusskrokant,Hinweis zur Aufbewahrung: Trocken lagern und vor Wärme schützen.,"Verantwortliches Lebensmittelunternehmen:
Coppenrath Feingebäck GmbH, 49741 Geeste, Emsland","Zutatenverzeichnis: WEIZENMEHL, Palmfett, Zucker, brauner Zucker, Kakaomasse, VOLLEI, HASELNÜSSE, Kakaobutter, fettarmes Kakaopulver, SOJAMEHL, Glukose-Fruktose-Sirup, Salz, Backtriebmittel (Ammoniumhydrogencarbonat), Emulgator (Lecithine). Kann Spuren von MILCH und anderen SCHALENFRÜCHTEN enthalten.",2150,513,25,13,65,30,"6,1","0,2",https://www.edeka24.de/Lebensmittel/Suess-Salzig/Gebaeck-Kekse-Waffeln/Coppenrath-Choco-Cookies-200G.html,https://www.edeka24.de/out/pictures/generated/product/1/540_540_90/coppenrath_choko_cookies_200_g_packung.jpg
3357,Lebensmittel,Süß & Salzig,Gebäck-Kekse-Waffeln,Coppenrath Haselnuss Ringe 200G,"2,29 €","11,45 €/kg","inkl. MwSt., zzgl. 4.95 € Versandkosten.",lieferbar innerhalb von 2-5 Werktagen,2023-05-03 02:03:12.078032,Haselnussgebäck,Hinweis zur Aufbewahrung: Trocken lagern und vor Wärme schützen.,"Verantwortliches Lebensmittelunternehmen:
Coppenrath Feingebäck GmbH, 49741 Geeste, Emsland","Zutatenverzeichnis: WEIZENMEHL, Palmfett, Zucker, 6% HASELNÜSSE, HAFERFLOCKEN, VOLLEI, Bourbon Vanilleschotenpulver, SOJAMEHL, Glukose-Fruktose-Sirup, Salz. Kann Spuren von MILCH und anderen SCHALENFRÜCHTEN enthalten.",2285,547,32,14,57,22,"6,8","0,45",https://www.edeka24.de/Lebensmittel/Suess-Salzig/Gebaeck-Kekse-Waffeln/Coppenrath-Haselnuss-Ringe-200G.html,https://www.edeka24.de/out/pictures/generated/product/1/540_540_90/cophaselnussringe_200g.jpg
3358,Lebensmittel,Süß & Salzig,Gebäck-Kekse-Waffeln,Kinder Bueno 6ST 129G,"2,79 €","21,63 €/kg","inkl. MwSt., zzgl. 4.95 € Versandkosten.",lieferbar innerhalb von 2-5 Werktagen,2023-05-03 02:03:15.333922,"Waffel mit feiner Milchhaselnusscreme-Füllung (54 %), überzogen mit Milchschokolade.",,"Verantwortliches Lebensmittelunternehmen:
Ferrero Deutschland GmbH, Hainer Weg 120, D-60599 Frankfurt am Main","Zutatenverzeichnis: MILCHSCHOKOLADE 31,5 % (Zucker, Kakaobutter, Kakaomasse, MAGERMILCHPULVER, BUTTERREINFETT, Emulgator Lecithine (SOJA), Vanillin), Zucker, Palmöl, WEIZENMEHL, HASELNÜSSE (10,8 %), MAGERMILCHPULVER, VOLLMILCHPULVER, Halbbitterschokolade (Zucker, Kakaomasse, Kakaobutter, Emulgator Lecithine (SOJA), Vanillin), fettarmer Kakao, Emulgator Lecithine (SOJA), Backtriebmittel: Natriumhydrogencarbonat, Ammoniumhydrogencarbonat",2384,572,"37,3","17,3","49,5","41,2","8,6","0,3",https://www.edeka24.de/Lebensmittel/Suess-Salzig/Gebaeck-Kekse-Waffeln/Kinder-Bueno-6ST-129G.html,https://www.edeka24.de/out/pictures/generated/product/1/540_540_90/kinder_bueno_6st.jpg
3359,Lebensmittel,Süß & Salzig,Gebäck-Kekse-Waffeln,Gille Havre Flarn 150G,"1,89 €","12,60 €/kg","inkl. MwSt., zzgl. 4.95 € Versandkosten.",lieferbar innerhalb von 2-5 Werktagen,2023-05-03 02:03:19.656786,Hafertaler,Hinweis zur Aufbewahrung: Kühl und trocken lagern.,"Verantwortliches Lebensmittelunternehmen:
Continental Bakeries North Europe AB, P.O. Box 24 28621 Örkelljunga Sweden","Zutatenverzeichnis: HAFERFLOCKEN 23%, Margarine (pflanzliches Fett (Palm, Palmkern, Raps), Wasser, Speisesalz, Emulgator; Mono- und Diglyceride von pflanzlichen Speisefettsäuren, Aroma, Antioxidationsmittel: Zitronensäure), WEIZENMEHL, VOLLEIPULVER, Backtriebmittel (Natriumcarbonate, Diphosphate, Ammoniumcarbonate), Maisstärke. Kann Spuren von MILCH und MANDELN enthalten.",2060,492,"22,9","11,5","65,1","40,9",5,"0,85",https://www.edeka24.de/Lebensmittel/Suess-Salzig/Gebaeck-Kekse-Waffeln/Gille-Havre-Flarn-150G.html,https://www.edeka24.de/out/pictures/generated/product/1/540_540_90/gille_havre_flarn_150g.jpg
3360,Lebensmittel,Süß & Salzig,Gebäck-Kekse-Waffeln,Alnatura Bio Dinkel Knusper Taler Vollmilch 100G,"2,69 €","26,90 €/kg","inkl. MwSt., zzgl. 4.95 € Versandkosten.",lieferbar innerhalb von 2-5 Werktagen,2023-05-03 02:03:23.398445,Bio Dinkelwaffeln in Vollmilchschokolade mit Mandelsplittern,Hinweis zur Aufbewahrung: Bitte trocken lagern und vor Wärme schützen.,"Verantwortliches Lebensmittelunternehmen:
Alnatura Produktions- und Handels GmbH, Mahatma-Gandhi-Str. 7, 64295 Darmstadt","Zutatenverzeichnis: VOLLMILCHSCHOKOLADE* 71% (Rohrohrzucker*, Kakaobutter*, VOLLMILCHPULVER*, Kakaomasse*), MANDELSPLITTER* geröstet 16%, DINKELWAFFELN* 13% (DINKELMEHL* 76%, Rohrohrzucker*, Rapsöl*, HÜHNEREIGELBPULVER*, Meersalz). Kann Spuren von SOJA, NÜSSEN und SESAM enthalten.",2366,569,39,20,44,34,"8,6","0,25",https://www.edeka24.de/Lebensmittel/Suess-Salzig/Gebaeck-Kekse-Waffeln/Alnatura-Bio-Dinkel-Knusper-Taler-Vollmilch-100G.html,https://www.edeka24.de/out/pictures/generated/product/1/540_540_90/alnatura_bio_dinkel_knusper_taler_vollmilch_100g.jpg
3361,Lebensmittel,Süß & Salzig,Gebäck-Kekse-Waffeln,Bahlsen Hermann Bahlsen Collection 2x 227G,"6,49 €","14,30 €/kg","inkl. MwSt., zzgl. 4.95 € Versandkosten.",lieferbar innerhalb von 2-5 Werktagen,2023-05-03 02:03:27.205635,Gebäck- und Waffelmischung mit Vollmilchschokolade (13 %) und edelherbe Schokolade (14 %).,"Hinweis zur Aufbewahrung: Trocken lagern, vor Wärme schützen.","Verantwortliches Lebensmittelunternehmen:
BAHLSEN, 30001 HANNOVER","Zutatenverzeichnis: WEIZENMEHL, Zucker, pflanzliche Fette (Palm), Kakaomasse, Kakaobutter, HASELNÜSSE, BUTTER, Invertzuckersirup, MAGERMILCHPULVER, Molkenerzeugnis (MILCH), Sonnenblumenöl, BUTTERREINFETT, VOLLMILCHPULVER, HÜHNERVOLLEI, Emulgator: Lecithine; Glukosesirup, Salz, fettarmes Kakaopulver, MILCHZUCKER, HÜHNEREIGELBPULVER, geröstetes GERSTENVOLLKORNMEHL, Backtriebmittel: Natriumcarbonate, Diphosphate; Johannisbeersaftkonzentrat, Aromen, Dextrose, Stärke (WEIZEN), Geliermittel: Pektine; Säuerungsmittel: Citronensäure; Sauerkirschsaftkonzentrat, Gewürz, Trennmittel: Magnesiumsalze der Speisefettsäuren. Kann enthalten: MANDELN.",2184,523,29,17,57,29,"6,8","0,37",https://www.edeka24.de/Lebensmittel/Suess-Salzig/Gebaeck-Kekse-Waffeln/Bahlsen-Hermann-Bahlsen-Collection-2x-227G.html,https://www.edeka24.de/out/pictures/generated/product/1/540_540_90/hermann-bahlsen.jpg
3362,Lebensmittel,Süß & Salzig,Gebäck-Kekse-Waffeln,Bahlsen Hermann Bahlsen Collection 161G,"2,99 €","18,57 €/kg","inkl. MwSt., zzgl. 4.95 € Versandkosten.",lieferbar innerhalb von 2-5 Werktagen,2023-05-03 02:03:31.651158,Gebäck- und Waffelmischung mit Vollmilchschokolade (15%) und edelherber Schokolade (12%),"Hinweis zur Aufbewahrung: Trocken lagern, vor Wärme schützen.","Verantwortliches Lebensmittelunternehmen:
Bahlsen, 30001 Hannover","Zutatenverzeichnis: WEIZENMEHL, Zucker, pflanzliche Fette (Palm), Kakaomasse, Kakaobutter, HASELNÜSSE, BUTTER, Invertzuckersirup, MAGERMILCHPULVER, Molkenerzeugnis (MILCH), Sonnenblumenöl, BUTTERREINFETT, VOLLMILCHPULVER, Glukosesirup, HÜHNERVOLLEI, Emulgator: Lecithine; Salz, fettarmes Kakaopulver, MILCHZUCKER, geröstetes GERSTENVOLLKORNMEHL, Johannisbeersaftkonzentrat, HÜHNEREIGELBPULVER, Backtriebmittel: Natriumcarbonate, Diphosphate; Aromen, Dextrose, Stärke (WEIZEN), Geliermittel: Pektine; Säuerungsmittel: Citronensäure; Sauerkirschsaftkonzentrat, Gewürz, Trennmittel: Magnesiumsalze von Speisefettsäuren. Kann enthalten: MANDELN.",2187,523,29,16,57,30,"6,9","0,37",https://www.edeka24.de/Lebensmittel/Suess-Salzig/Gebaeck-Kekse-Waffeln/Bahlsen-Hermann-Bahlsen-Collection-161G.html,https://www.edeka24.de/out/pictures/generated/product/1/540_540_90/bahlsen_hermann_collection_161g.jpg
3363,Lebensmittel,Süß & Salzig,Gebäck-Kekse-Waffeln,Manner Snack Minis Schoko 300g,"3,79 €","12,63 €/kg","inkl. MwSt., zzgl. 4.95 € Versandkosten.",lieferbar innerhalb von 2-5 Werktagen,2023-05-03 02:03:35.116885,knusprige Milch Schoko Schnitten,Hinweis zur Aufbewahrung: Bei Zimmertemperatur und trocken lagern.,"Verantwortliches Lebensmittelunternehmen:
Josef Manner & Comp. AG Wilhelminenstraße 6, 1170 Wien, Austria","Zutatenverzeichnis: Zucker, pflanzliche Fette (Kokos, Palm), WEIZENMEHL (18%), MAGERMILCHPULVER (10%), mageres Kakaopulver (6%), WEIZENVOLLKORNMEHL (4%), Glukosesirup, Kakaobutter, Kakaomasse, Salz, Stärke, Emulgator: Lecithine (SOJA); SAHNEPULVER (0,1%), HASELNÜSSE, Backtriebmittel: Ammoniumhydrogencarbonat, Natriumhydrogencarbonat, Kaliumcarbonate; BUTTERREINFETT, natürliches Aroma. Kann Spuren von anderen Nüssen enthalten.",2144,513,28,24,56,37,"7,7","0,36",https://www.edeka24.de/Lebensmittel/Suess-Salzig/Gebaeck-Kekse-Waffeln/Manner-Snack-Minis-Schoko-300g.html,https://www.edeka24.de/out/pictures/generated/product/1/540_540_90/mannersnackminischok.jpg
3364,Lebensmittel,Süß & Salzig,Gebäck-Kekse-Waffeln,Bahlsen Unsere Keksfamilie 280G,"4,49 €","16,04 €/kg","inkl. MwSt., zzgl. 4.95 € Versandkosten.",lieferbar innerhalb von 2-5 Werktagen,2023-05-03 02:03:39.005140,"Keks- und Waffelmischung. Vollmilchschokolade: 13%, Weiße Schokolade: 7%, Milchschokolade: 4,8%.","Hinweis zur Aufbewahrung: Trocken lagern, vor Wärme schützen.","Verantwortliches Lebensmittelunternehmen:
Bahlsen, 30001 Hannover","Zutatenverzeichnis: WEIZENMEHL, Zucker, pflanzliche Fette (Palm), Kakaobutter, Kakaomasse, MAGERMILCHPULVER, BUTTER, VOLLMILCHPULVER, Glukosesirup, Molkenerzeugnis (MILCH), fettarmes Kakaopulver, gemahlene HASELNÜSSE, BUTTERREINFETT, Stärke (WEIZEN), Invertzuckersirup, Backtriebmittel: Natriumcarbonate, Diphosphate; Salz, Emulgator: Lecithine; MILCHZUCKER, Aromen (MILCH), HÜHNEREIGELBPULVER, Reismehl, Säuerungsmittel: Citronensäure; Überzugsmittel: Gummi arabicum, Carnaubawachs, Bienenwachs; HÜHNERVOLLEIPULVER, HÜHNERVOLLEI, färbende Frucht- und Pflanzenkonzentrate (Apfel, Kürbis, Rettich, Zitrone, schwarze Johannisbeere, Färberdistel, blaue Kartoffel), Spirulinakonzentrat, Gewürz. Kann enthalten: MANDELN.",2142,512,25,15,64,36,"6,3","0,6",https://www.edeka24.de/Lebensmittel/Suess-Salzig/Gebaeck-Kekse-Waffeln/Bahlsen-Unsere-Keksfamilie-280G.html,https://www.edeka24.de/out/pictures/generated/product/1/540_540_90/bahlsen_unsere_keksfamilie_280g.jpg
3365,Lebensmittel,Süß & Salzig,Gebäck-Kekse-Waffeln,Leibniz Kakaokeks 200G,"1,59 €","7,95 €/kg","inkl. MwSt., zzgl. 4.95 € Versandkosten.",lieferbar innerhalb von 2-5 Werktagen,2023-05-03 02:03:43.770307,Kakaokeks,"Hinweis zur Aufbewahrung: Trocken lagern, vor Wärme schützen.","Verantwortliches Lebensmittelunternehmen:
Bahlsen, 30001 Hannover","Zutatenverzeichnis: WEIZENMEHL (59 %), Zucker, Sonnenblumenöl, Glukosesirup, fettarmes Kakaopulver (3,8 %), Backtriebmittel: Ammoniumcarbonate, Natriumcarbonate; Emulgatoren: Mono- und Diglyceride von Speisefettsäuren, Lecithine; Apfelextrakt, MAGERMILCHPULVER, Aromen, Salz, Säuerungsmittel: Citronensäure. Kann enthalten: EIER.",1947,464,17,"2,2",69,25,"6,9","0,57",https://www.edeka24.de/Lebensmittel/Suess-Salzig/Gebaeck-Kekse-Waffeln/Leibniz-Kakaokeks-200G.html,https://www.edeka24.de/out/pictures/generated/product/1/540_540_90/leibniz_kakaokeks_200g.jpg
3366,Lebensmittel,Süß & Salzig,Gebäck-Kekse-Waffeln,Bonne Maman Petits Cookies Pepites De Chocolat 250G,"5,49 €","21,96 €/kg","inkl. MwSt., zzgl. 4.95 € Versandkosten.",lieferbar innerhalb von 2-5 Werktagen,2023-05-03 02:03:47.234913,Cookie mit Schokoladenstückchen,"Hinweis zur Aufbewahrung: Trocken, kühl (max. 25°C) und lichtgeschützt lagern.","Verantwortliches Lebensmittelunternehmen:
Gateaux Bonne Maman , BP 20, Contres, 41700 Le Controis-en-Sologne","Zutatenverzeichnis: Getreidemehle (WEIZENMEHL, HAFERMEHL), Schokoladenstückchen 33% (Zucker, Kakaomasse, MILCHPULVER, Kakaobutter, MILCHZUCKER, Emulgator: Sonnenblumenlecithine, natürliches Vanillearoma, fettarmes Kakaopulver), BUTTER, Zucker, EIER, Backtriebmittel: Natriumcarbonate und Citronensäure, WEIZENFASERN, natürliches Aroma, Salz, MAGERMILCHPULVER. Kann Spuren von SOJA, SESAMSAMEN und SCHALENFRÜCHTEN enthalten.",2119,507,26,17,60,35,"6,5","0,44",https://www.edeka24.de/Lebensmittel/Suess-Salzig/Gebaeck-Kekse-Waffeln/Bonne-Maman-Petits-Cookies-Pepites-De-Chocolat-250G.html,https://www.edeka24.de/out/pictures/generated/product/1/540_540_90/bonne_maman_petits_cookies_pepites_de_chocolat_250g.jpg
3367,Lebensmittel,Süß & Salzig,Gebäck-Kekse-Waffeln,Alnatura Bio Schoko Butterkeks mit Vollmilchschokolade 130G,"2,59 €","19,92 €/kg","inkl. MwSt., zzgl. 4.95 € Versandkosten.",lieferbar innerhalb von 2-5 Werktagen,2023-05-03 02:03:50.340143,Bio Butterkeks mit Vollmilchschokolade,Hinweis zur Aufbewahrung: Bitte trocken lagern und vor Wärme schützen.,"Verantwortliches Lebensmittelunternehmen:
Alnatura GmbH, Mahatma-Gandhi-Straße 7, 64295 Darmstadt","Zutatenverzeichnis: Vollmilchschokolade* 48% (Rohrzucker*, Kakaobutter*, VOLLMILCHPULVER*, Kakaomasse*, MAGERMILCHPULVER*, Bourbonvanilleschote*), WEIZENMEHL*, Rohrzucker*, WEIZENSTÄRKE*, BUTTERREINFETT* 2,5%, BUTTER* 2,5%, MAGERMILCHPULVER*, EI*, Speisesalz, Backtriebmittel: Ammoniumhydrogencarbonat (Hirschhornsalz) und Natriumhydrogencarbonat (Natron), WEIZENGRIEß*, Glukosesirup*, Vanilleextrakt*, Emulgator: SOJALECITHIN* *aus biologischer Landwirtschaft . Kann Spuren von MANDEL, HASELNUSS und SESAM enthalten.",2129,508,24,15,63,35,"8,4","0,53",https://www.edeka24.de/Lebensmittel/Suess-Salzig/Gebaeck-Kekse-Waffeln/Alnatura-Bio-Schoko-Butterkeks-mit-Vollmilchschokolade-130G.html,https://www.edeka24.de/out/pictures/generated/product/1/540_540_90/4104420053960alnaturabioschokobutterkeksmirvollmilchschokolade.png
3368,Lebensmittel,Süß & Salzig,Gebäck-Kekse-Waffeln,Minus L Butterkekse mit Schokolade 125G,"2,79 €","22,32 €/kg","inkl. MwSt., zzgl. 4.95 € Versandkosten.",lieferbar innerhalb von 2-5 Werktagen,2023-05-03 02:03:53.977358,"Laktosefreie* Butterkekse mit 64 % laktosefreier* Milchschokolade * Laktose < 0,1 g / 100 g",Hinweis zur Aufbewahrung: Nach dem Öffnen innerhalb weniger Tage verbrauchen. Transport- und Lagerbedingungen: unter + 18 °C Kühl und trocken lagern.,"Verantwortliches Lebensmittelunternehmen:
MIDOR AG, Bruechstrasse 70, CH-8706 Meilen (Schweiz)","Zutatenverzeichnis: Zucker, Kakaobutter, WEIZENMEHL, TROCKENMILCHERZEUGNIS**, WEIZENSTÄRKE, Kakaomasse, 5 % BUTTERREINFETT, Glucose-Fructose-Sirup, Emulgator: SOJALECITHIN; Speisesalz, Laktase, natürliches Aroma, Backtriebmittel: Natriumcarbonate, Ammoniumcarbonate; GERSTENMALZ ** hergestellt aus VOLLMILCH",2259,541,"30,1","18,3","60,8","39,2","5,7","0,4",https://www.edeka24.de/Lebensmittel/Suess-Salzig/Gebaeck-Kekse-Waffeln/Minus-L-Butterkekse-mit-Schokolade-125G.html,https://www.edeka24.de/out/pictures/generated/product/1/540_540_90/minuslbutterkekse.jpg
3369,Lebensmittel,Süß & Salzig,Gebäck-Kekse-Waffeln,Bahlsen Perpetum edelherb 97G,"2,89 €","29,79 €/kg","inkl. MwSt., zzgl. 4.95 € Versandkosten.",lieferbar innerhalb von 2-5 Werktagen,2023-05-03 02:03:57.077788,Waffel mit edelherber Schokolade,"Hinweis zur Aufbewahrung: Trocken lagern, vor Wärme schützen.","Verantwortliches Lebensmittelunternehmen:
Bahlsen - 30001 Hannover","Zutatenverzeichnis: Kakaomasse, Zucker, WEIZENMEHL, Kakaobutter, Molkenerzeugnis (MILCH), Palmöl, Emulgator: Lecithine; VOLLMILCHPULVER, Invertzuckersirup, HÜHNEREIGELBPULVER, Salz, Backtriebmittel: Natriumcarbonate; Aromen.",2209,530,31,19,52,35,"7,3","0,08",https://www.edeka24.de/Lebensmittel/Suess-Salzig/Gebaeck-Kekse-Waffeln/Bahlsen-Perpetum-edelherb-97G.html,https://www.edeka24.de/out/pictures/generated/product/1/540_540_90/bahlsenperpetum.jpg
3370,Lebensmittel,Süß & Salzig,Gebäck-Kekse-Waffeln,M&M's Chocolate Cookies 180G,"3,49 €","19,39 €/kg","inkl. MwSt., zzgl. 4.95 € Versandkosten.",lieferbar innerhalb von 2-5 Werktagen,2023-05-03 02:04:00.530299,Knusprige Kekse mit zuckerüberzogenen Milchschokoladenstücken,"Hinweis zur Aufbewahrung: An einem kühlen, trockenen Ort lagern, vor direkter Sonneneinstrahlung schützen. Nach dem Öffnen in einem luftdichten Behälter aufbewahren.","Verantwortliches Lebensmittelunternehmen:
Denany GmbH, Simoniusstrasse 11, 88239 Wangen","Zutatenverzeichnis: WEIZENMEHL (angereichert mit Kalzium, Eisen, Niacin und Thiamin), M&M's® (25%) (Zucker, Kakaomasse, VOLLMILCHPULVER, MILCHZUCKER, Kakaobutter, Stärke, Palmfett, Glukosesirup, Sheafett, Stabilisator (Gummi arabicum), Wasser, Emulgator (SOJALECITHIN), Farbstoffe (E100, E133, E160a, E160e, E162, E171), Dextrin, Überzugsmittel (Carnaubawachs), Palmkernöl, Salz, natürlicher Vanilleextrakt, Arona). Zucker, Palmöl, Butteröl (aus MILCH), fettarmes Kakaopulver, Invertflüssigzucker, Molkenpermeat (aus MILCH), Backtriebmittel (Natriumcarbonate, Ammoniumcarbonate), Salz, Aroma. Kann enthalten NÜSSE, GLUTEN, HAFER, GERSTE). Milchschokolade enthält neben Kakaobutter auch andere pflanzliche Fette.",2070,495,24,13,62,35,"5,5","0,45",https://www.edeka24.de/Lebensmittel/Suess-Salzig/Gebaeck-Kekse-Waffeln/M-M-s-Chocolate-Cookies-180G.html,https://www.edeka24.de/out/pictures/generated/product/1/540_540_90/mmcookies.jpg
3371,Lebensmittel,Süß & Salzig,Gebäck-Kekse-Waffeln,Ferrero Hanuta Haselnuss-Schnitten Minis 200G,"2,99 €","14,95 €/kg","inkl. MwSt., zzgl. 4.95 € Versandkosten.",lieferbar innerhalb von 2-5 Werktagen,2023-05-03 02:04:04.386454,Haselnuss-Schnitte.,Hinweis zur Aufbewahrung: Bei Raumtemperatur,"Verantwortliches Lebensmittelunternehmen:
Ferrero Deutschland GmbH, Hainer Weg 120, D-60599 Frankfurt am Main","Zutatenverzeichnis: Zucker, pflanzliche Fette (Palmkern, Palm, Shea), WEIZENMEHL, HASELNÜSSE (13 %), SÜSSMOLKENPULVER, fettarmer Kakao, VOLLMILCHSCHOKOLADE (Zucker, VOLLMILCHPULVER, Kakaobutter, Kakaomasse,Emulgator Lecithine (SOJA), Vanillin), MAGERMILCHPULVER, Aromen, Salz, Halbbitterschokolade (Zucker, Kakaomasse, Kakaobutter, Emulgator Lecithine (SOJA), Vanillin)",542,2260,"31,9","18,6",54,"42,6","7,6","0,4",https://www.edeka24.de/Lebensmittel/Suess-Salzig/Gebaeck-Kekse-Waffeln/Ferrero-Hanuta-Haselnuss-Schnitten-Minis-200G.html,https://www.edeka24.de/out/pictures/generated/product/1/540_540_90/ferrero_hanuta_haselnussschnitten_minis_200g.jpg
3372,Lebensmittel,Süß & Salzig,Gebäck-Kekse-Waffeln,Manner Neapolitaner Schnitten Volllkorn 300G,"3,79 €","12,63 €/kg","inkl. MwSt., zzgl. 4.95 € Versandkosten.",lieferbar innerhalb von 2-5 Werktagen,2023-05-03 02:04:08.329985,"Knusprige Vollkornwaffeln aus zusammengesetztem Vollkornmehl mit Haselnusscremefüllung (82%), mit 30% weniger Zucker",Hinweis zur Aufbewahrung: Bei Zimmertemperatur und trocken lagern.,"Verantwortliches Lebensmittelunternehmen:
Josef Manner & Comp. AG, 1171 Wien, Österreich","Zutatenverzeichnis: WEIZENVOLLKORNMEHL (zusammengesetzt), Zucker, Pflanzenfette (Kokos, Palm), Oligofruktose, HASELNÜSSE (12% in der Creme), Glukosesirup, mageres Kakaopulver, natürliche Aromen, Emulgator: SOJALECITHIN, Backtriebmittel: Natriumhydrogencarbonat, Salz. Kann Spuren von anderen NÜSSEN und MILCHbestandteilen enthalten.",478,2009,"26,7","17,7","45,8","25,2","4,9","0,2",https://www.edeka24.de/Lebensmittel/Suess-Salzig/Gebaeck-Kekse-Waffeln/Manner-Neapolitaner-Schnitten-Volllkorn-300G.html,https://www.edeka24.de/out/pictures/generated/product/1/540_540_90/mannernapovk.jpg
3373,Lebensmittel,Süß & Salzig,Gebäck-Kekse-Waffeln,Bio Naturally Pam Nut Cluster Crunchy Cocoa 90G,"3,50 €","38,89 €/kg","inkl. MwSt., zzgl. 4.95 € Versandkosten.",lieferbar innerhalb von 2-5 Werktagen,2023-05-03 02:04:11.981773,"Bio Würfel mit Haselnüssen, Mandeln und Kakaonibs",,"Verantwortliches Lebensmittelunternehmen:
Naturally Pam GmbH, DE-20459 Hamburg","Zutatenverzeichnis: HASELNÜSSE 31%, MANDELN 31%, Reissirup, Inulin, Kakaonibs 6%, Reismehl, Salz. Kann Spuren von ERDNÜSSEN, SOJA, MILCH, anderen SCHALENFRÜCHTEN und SESAM enthalten. Alle Zutaten, bis auf Salz, sind aus kontrolliert biologischem Anbau.",2285,551,"38,8","4,7","31,3","15,3","12,2","0,69",https://www.edeka24.de/Lebensmittel/Suess-Salzig/Gebaeck-Kekse-Waffeln/Bio-Naturally-Pam-Nut-Cluster-Crunchy-Cocoa-90G.html,https://www.edeka24.de/out/pictures/generated/product/1/540_540_90/7c026ff4-c4d2-4ab8-abe3-1477be357c47.jpg
3374,Lebensmittel,Süß & Salzig,Gebäck-Kekse-Waffeln,Kellogg's Pop Tarts Frosted Chocotastic 384G,"7,99 €","20,81 €/kg","inkl. MwSt., zzgl. 4.95 € Versandkosten.",lieferbar innerhalb von 2-5 Werktagen,2023-05-03 02:04:20.982884,Glasiertes Gebäck mit einer Füllung mit Schokoladengeschmack.,,"Verantwortliches Lebensmittelunternehmen:
Kelloggs Europe Trading Limited, Three, Dublin Airport Central, Dublin Airport, Dublin, Ireland, K67 Y7E5","Zutatenverzeichnis: WEIZENMEHL, Zucker, Dextrose, Palmöl, Glukosesirup, SÜSSMOLKENPULVER, fettarmes Kakaopulver, Feuchthaltemittel (Glycerin), Invertzuckersirup, WEIZENSTÄRKE, Salz, Backtriebmittel (Natriumhydrogencarbonat, E450), Rindergelatine, TROCKENEIKLAR, Stärke, Stabilisator (Xanthan), Emulgator (SOJALECITHINE), brauner Reissirup, Niacin, Eisen, Thiamin, Riboflavin, Folsäure.",1637,388,"9,3","4,7",70,38,5,"1,2",https://www.edeka24.de/Lebensmittel/Suess-Salzig/Gebaeck-Kekse-Waffeln/Kellogg-s-Pop-Tarts-Frosted-Chocotastic-384G.html,https://www.edeka24.de/out/pictures/generated/product/1/540_540_90/kellogg039s_pop_tarts_chocotastic_384g.jpg
3375,Lebensmittel,Süß & Salzig,Gebäck-Kekse-Waffeln,Bohlsener Mühle Bio Haferling 125G,"2,39 €","19,12 €/kg","inkl. MwSt., zzgl. 4.95 € Versandkosten.",lieferbar innerhalb von 2-5 Werktagen,2023-05-03 02:04:24.084336,Knuspriges Hafergebäck,"Hinweis zur Aufbewahrung: Trocken und verschlossen lagern, vor Wärme schützen.","Verantwortliches Lebensmittelunternehmen:
Bohlsener Mühle, Mühlenstr.1, D-29581 Bohlsen","Zutatenverzeichnis: HAFER* (64%) [HAFERVOLLKORNFLOCKEN* geschrotet, HAFERVOLLKORNMEHL*], Rübenzucker*, ungehärtetes Palmfett*, Reissirup*, Backtriebmittel: Natriumhydrogencarbonat, Meersalz. Kann anderes GLUTENHALTIGES GETREIDE, MANDELN, NÜSSE, SESAM, SOJA, MILCH, EI und SELLERIE enthalten.",2006,479,"21,4","8,8","60,8","23,4","8,2","0,31",https://www.edeka24.de/Lebensmittel/Suess-Salzig/Gebaeck-Kekse-Waffeln/Bohlsener-Muehle-Bio-Haferling-125G.html,https://www.edeka24.de/out/pictures/generated/product/1/540_540_90/bohlsenerhaferling.jpg
3376,Lebensmittel,Süß & Salzig,Gebäck-Kekse-Waffeln,Kambly Bretzeli 98G,"3,79 €","38,67 €/kg","inkl. MwSt., zzgl. 4.95 € Versandkosten.",lieferbar innerhalb von 2-5 Werktagen,2023-05-03 02:04:27.268139,Schweizer Feingebäck-Spezialität,Hinweis zur Aufbewahrung: Trocken lagern und vor Wärme schützen.,"Verantwortliches Lebensmittelunternehmen:
Kambly Deutschland GmbH, Schwanenstrasse 94, 88214 Ravensburg","Zutatenverzeichnis: WEIZENMEHL, Zucker, Kokosfett, EIER, BUTTER, Salz, Backtriebmittel (Natriumhydrogencarbonat), natürliches Zitronenaroma. Kann Spuren von HASELNÜSSEN UND MANDELN enthalten.",2005,478,19,15,67,28,"8,2","0,44",https://www.edeka24.de/Lebensmittel/Suess-Salzig/Gebaeck-Kekse-Waffeln/Kambly-Bretzeli-98G.html,https://www.edeka24.de/out/pictures/generated/product/1/540_540_90/kamblybretzeli.jpg
3377,Lebensmittel,Süß & Salzig,Gebäck-Kekse-Waffeln,Sommer Demeter Dinkel Cantuccini 150G,"3,49 €","23,27 €/kg","inkl. MwSt., zzgl. 4.95 € Versandkosten.",lieferbar innerhalb von 2-5 Werktagen,2023-05-03 02:04:30.550624,-,Hinweis zur Aufbewahrung: Kühl und trocken lagern,"Verantwortliches Lebensmittelunternehmen:
Biback Sommer GmbH & Co. KG, Rudolf-Diesel-Str. 5, D-61267 Neu-Anspach","Zutatenverzeichnis: DINKELMEHL** (49%), Rohrohrzucker**, MANDELN* (18%), Sonnenblumenöl*, Honig* (3%), Backtriebmittel: Natriumcarbonate, Meersalz, Bourbon-Vanille*, Koriander*, Zimt*, Orangenöl*. Allergene Gluten,Schalenfrüchte * = Zutaten aus ökol. Landbau, ** = Zutaten aus biol.dynamischem Anbau",1833,437,17,"1,6","59,5","25,7","9,6","0,15",https://www.edeka24.de/Lebensmittel/Suess-Salzig/Gebaeck-Kekse-Waffeln/Sommer-Demeter-Dinkel-Cantuccini-150G.html,https://www.edeka24.de/out/pictures/generated/product/1/540_540_90/sommer-cantuccini.jpg
3378,Lebensmittel,Süß & Salzig,Gebäck-Kekse-Waffeln,Schär Haferkeks Avena 130G,"2,69 €","20,69 €/kg","inkl. MwSt., zzgl. 4.95 € Versandkosten.",lieferbar innerhalb von 2-5 Werktagen,2023-05-03 02:04:33.831987,Glutenfreie Haferkekse. Speziell formuliert für Menschen mit Glutenunverträglichkeit.,Hinweis zur Aufbewahrung: Bei Raumtemperatur trocken lagern.,"Verantwortliches Lebensmittelunternehmen:
Dr. Schär AG/SPA, Winkelau 9, 39014 Burgstall/Postal (BZ) Italy","Zutatenverzeichnis: Glutenfreier VOLLKORNHAFER 55% (Flocken, Mehl, Kleie), Rohrzucker, Butter (MILCH), Reiskleie, Sonnenblumenöl, Reissirup, modifizierte Maisstärke, Reisstärke, Backtriebmittel: Ammoniumhydrogencarbonat, Natriumhydrogencarbonat; natürliches Vanillearoma, Salz. Kann Spuren von SOJA und LUPINEN enthalten. Das Produkt ist im Falle einer Allergie auf das Protein Avenin zum Verzehr nicht geeignet.",1935,462,20,"9,2",58,19,"8,2","0,87",https://www.edeka24.de/Lebensmittel/Suess-Salzig/Gebaeck-Kekse-Waffeln/Schaer-Haferkeks-Avena-130G.html,https://www.edeka24.de/out/pictures/generated/product/1/540_540_90/schamp228r_avena_oat_biscuits_130g.jpg
3379,Lebensmittel,Süß & Salzig,Gebäck-Kekse-Waffeln,Schär Digestive Choc 150G,"2,99 €","19,93 €/kg","inkl. MwSt., zzgl. 4.95 € Versandkosten.",lieferbar innerhalb von 2-5 Werktagen,2023-05-03 02:04:37.374974,Glutenfreie Kekse mit Milchschokolade. Speziell formuliert für Menschen mit Glutenunverträglichkeit.,Hinweis zur Aufbewahrung: Bei Raumtemperatur trocken lagern.,"Verantwortliches Lebensmittelunternehmen:
Dr. Schär AG/SPA, Winkelau 9, 39014 Burgstall/Postal (BZ) Italy","Zutatenverzeichnis: MILCHSCHOKOLADE 29% - Kakaoanteil 35%(Zucker, Kakaobutter, VOLLMILCHPULVER 17%,Kakaomasse 10%, MAGERMILCHPULVER 3,8%, Emulgator: SOJALECITHIN, natürliches Aroma), Maisstärke, Palmfett, Rohrzucker, Maismehl, SOJAMEHL, SOJAKLEIE, Buchweizenmehl,Zuckerrübensirup, modifizierte Tapiokastärke, Salz, Backtriebmittel:Ammoniumhydrogencarbonat und Natriumhydrogencarbonat. Kann Spuren von LUPINEN enthalten.",2144,512,24,13,64,34,"6,7","0,75",https://www.edeka24.de/Lebensmittel/Suess-Salzig/Gebaeck-Kekse-Waffeln/Schaer-Digestive-Choc-150G.html,https://www.edeka24.de/out/pictures/generated/product/1/540_540_90/schamp228r_digestive_choc_glutenfrei_150g.jpg
3380,Lebensmittel,Süß & Salzig,Gebäck-Kekse-Waffeln,Kägi Fret Dark mini 128G,"3,49 €","27,27 €/kg","inkl. MwSt., zzgl. 4.95 € Versandkosten.",lieferbar innerhalb von 2-5 Werktagen,2023-05-03 02:04:40.794508,Schweizer Waffelspezialität umhüllt mit dunkler Schokolade (42%).,Hinweis zur Aufbewahrung: Vor Wärme und Feuchtigkeit schützen.,"Verantwortliches Lebensmittelunternehmen:
Kägi Söhne AG, CH-9620 Lichtensteig","Zutatenverzeichnis: Zucker, Kakaomasse*, Palmfett (nachhaltig; zertifiziert), WEIZENMEHL, Kakaobutter*, VOLLMILCHPULVER, Kakaopulver*, BUTTERFETT, gemahlene WEIZENFASERN, EIGELBPULVER, Emulgator: Lecithine (SOJA), Kochsalz, Backtriebmittel: Natriumhydrogencarbonat, Vanilleextrakt. Kann Spuren von HASELNÜSSEN enthalten. *Rainforest Alliance Certified.",2344,563,37,26,55,34,"5,9","0,14",https://www.edeka24.de/Lebensmittel/Suess-Salzig/Gebaeck-Kekse-Waffeln/Kaegi-Fret-Dark-mini-128G.html,https://www.edeka24.de/out/pictures/generated/product/1/540_540_90/kgifretdark.jpg
3381,Lebensmittel,Süß & Salzig,Gebäck-Kekse-Waffeln,Schär Butterkeks Petit Beurre 165G,"2,29 €","13,88 €/kg","inkl. MwSt., zzgl. 4.95 € Versandkosten.",lieferbar innerhalb von 2-5 Werktagen,2023-05-03 02:04:43.793344,Glutenfreie Butterkekse. Speziell formuliert für Menschen mit Glutenunverträglichkeit.,Hinweis zur Aufbewahrung: Bei Raumtemperatur trocken lagern.,"Verantwortliches Lebensmittelunternehmen:
Dr. Schär AG/SPA, Winkelau 9, 39014 Burgstall/Postal (BZ) Italy","Zutatenverzeichnis: Maisstärke, Maismehl, Butter 10% (MILCH), Zucker, modifizierte Tapiokastärke, EIER, VOLLMILCHPULVER, Zuckerrübensirup, Emulgator: Mono- und Diacetylweinsäureester von Mono- und Diglyceriden von Speisefettsäuren; Backtriebmittel: Ammoniumhydrogencarbonat, Natriumhydrogencarbonat; Salz, natürliche Aromen, Säuerungsmittel: Zitronensäure. Kann Spuren von SOJA und LUPINEN enthalten.",1930,458,14,"9,4",80,16,"2,7",1,https://www.edeka24.de/Lebensmittel/Suess-Salzig/Gebaeck-Kekse-Waffeln/Schaer-Butterkeks-Petit-Beurre-165G.html,https://www.edeka24.de/out/pictures/generated/product/1/540_540_90/dr_schamp228r_butterkeks_165g.jpg
3382,Lebensmittel,Süß & Salzig,Gebäck-Kekse-Waffeln,Kambly Primavera 175G,"5,99 €","34,23 €/kg","inkl. MwSt., zzgl. 4.95 € Versandkosten.",lieferbar innerhalb von 2-5 Werktagen,2023-05-03 02:04:46.936932,Erlesene Mischung feinster Schweizer Gebäckspezialitäten,Hinweis zur Aufbewahrung: Trocken lagern und vor Wärme schützen.,"Verantwortliches Lebensmittelunternehmen:
Kambly Deutschland GmbH, Schwanenstrasse 94, 88214 Ravensburg","Zutatenverzeichnis: WEIZENMEHL, Milchschokolade 20% (Zucker, Kakaobutter, VOLLMILCHPULVER, Kakaomasse, MAGERMILCHPULVER, Emulgator (SOJALECITHINE), Vanille-Extrakt. Kakao mind. 39%), Zucker, pflanzliche Fette (Kokos, Palmkern, Palm), MANDELN 8%, Schokolade 5% (Zucker, Kakaomasse, Kakaobutter, VOLLMILCHPULVER, BUTTERFETT, Emulgator (SOJALECITHINE), Vanille. Kakao mind. 47%), HASELNÜSSE 4%, BUTTER, Rohzucker, Kartoffelstärke, EIER, caramelisierter Zucker 1%, MAGERMILCHPULVER, HÜHNEREIKLARPULVER, Glukosesirup, Dextrose, Kakaomasse, VOLLMILCHPULVER, RAHM 0,3%, Emulgatoren: Mono- und Diglyceride und Polyglycerinester von Speisefettsäuren, SOJALECITHINE), WEIZENGRIESS, Salz, Kakaobutter, Backtriebmittel: (Natrium- und Ammoniumcarbonate), Backhonig, Honig, MOLKENPULVER, natürliche Aromen, Säuerungsmittel: (Weinsäure), HÜHNEREIKLAR. Kann Spuren von GLUTENHALTIGEM GETREIDE, SESAM und PISTAZIEN enthalten.",2165,518,27,14,59,38,"8,3","0,3",https://www.edeka24.de/Lebensmittel/Suess-Salzig/Gebaeck-Kekse-Waffeln/Kambly-Primavera-175G.html,https://www.edeka24.de/out/pictures/generated/product/1/540_540_90/kamblyprimavera.jpg
3383,Lebensmittel,Süß & Salzig,Gebäck-Kekse-Waffeln,Bonne Maman Tartelettes Framboise 135G,"3,19 €","23,63 €/kg","inkl. MwSt., zzgl. 4.95 € Versandkosten.",lieferbar innerhalb von 2-5 Werktagen,2023-05-03 02:04:50.375633,Himbeertörtchen,"Hinweis zur Aufbewahrung: Trocken, kühl (max. 25°C) und lichtgeschützt lagern","Verantwortliches Lebensmittelunternehmen:
Gateaux Bonne Maman , BP 20, Contres, 41700 Le Controis-en-Sologne","Zutatenverzeichnis: Zucker, WEIZENMEHL,Himbeerpüree und konzentriertes Himbeerpüree 8,5%, BUTTER, Invertzuckersirup, Sonnenblumenöl, konzentriertes Apfelpüree 1,9%, EIER, Passionfruchsaftkonzentrat, Geliermittel:Pektine, natürliches Himbeeraroma mit anderen natürlichen Aromen, Salz, Traubensaftkonzentrat, Säuerungsmittel: Citronensäure. Kann Spuren von SCHALENFRÜCHTEN und SESAMSAMEN enthalten.",1659,394,12,"5,6",68,47,3,"0,25",https://www.edeka24.de/Lebensmittel/Suess-Salzig/Gebaeck-Kekse-Waffeln/Bonne-Maman-Tartelettes-Framboise-135G.html,https://www.edeka24.de/out/pictures/generated/product/1/540_540_90/bonne_maman_tartelettes_framboises_135g.jpg
3384,Lebensmittel,Süß & Salzig,Nüsse & getrocknete Früchte,Alnatura Bio Apfelringe getrocknet 125G,"3,49 €","27,92 €/kg","inkl. MwSt., zzgl. 4.95 € Versandkosten.",lieferbar innerhalb von 2-5 Werktagen,2023-05-03 02:04:53.833716,"Bio Apfelringe, getrocknet",Hinweis zur Aufbewahrung: Bitte trocken lagern und vor Wärme schützen.,"Verantwortliches Lebensmittelunternehmen:
Alnatura GmbH, Darmstädter Str. 63, 64404 Bickenbach",Zutatenverzeichnis: Apfel* *aus biologischer Landwirtschaft.,1180,279,"0,5","0,1",64,57,"1,2","0,24",https://www.edeka24.de/Lebensmittel/Suess-Salzig/Nuesse-getrocknete-Fruechte/Alnatura-Bio-Apfelringe-getrocknet-125G.html,https://www.edeka24.de/out/pictures/generated/product/1/540_540_90/alnatura_bio_apfel_ringe.jpg
3385,Lebensmittel,Süß & Salzig,Nüsse & getrocknete Früchte,Alnatura Bio Aprikosen 500G,"7,29 €","14,58 €/kg","inkl. MwSt., zzgl. 4.95 € Versandkosten.",lieferbar innerhalb von 2-5 Werktagen,2023-05-03 02:04:57.089525,"Bio Aprikosen, getrocknet, ohne Stein",Hinweis zur Aufbewahrung: Bitte trocken lagern und vor Wärme schützen.,"Verantwortliches Lebensmittelunternehmen:
Alnatura GmbH, Mahatma-Gandhi-Straße 7, 64295 Darmstadt","Zutatenverzeichnis: Aprikosen* *aus biologischer Landwirtschaft . Kann Spuren von ERDNUSS, MANDEL, NÜSSEN und SESAM enthalten.",1213,287,"0,6","0,1",64,40,"2,2","0,02",https://www.edeka24.de/Lebensmittel/Suess-Salzig/Nuesse-getrocknete-Fruechte/Alnatura-Bio-Aprikosen-500G.html,https://www.edeka24.de/out/pictures/generated/product/1/540_540_90/alnatura_bio_aprikosen_500_g.jpg
3386,Lebensmittel,Süß & Salzig,Nüsse & getrocknete Früchte,Alnatura Bio Cashew Cranberry Mix 150G,"3,89 €","25,93 €/kg","inkl. MwSt., zzgl. 4.95 € Versandkosten.",lieferbar innerhalb von 2-5 Werktagen,2023-05-03 02:05:00.135776,-,Hinweis zur Aufbewahrung: Bitte trocken lagern und vor Wärme schützen.,"Verantwortliches Lebensmittelunternehmen:
Alnatura GmbH, Darmstädter Str. 63, 64404 Bickenbach","Zutatenverzeichnis: CASHEWKERNE* 62%, Cranberrys* 22,8%, Apfelsaftkonzentrat* 15%,Sonnenblumenöl* 0,2% *aus biologischer Landwirtschaft. Kann Spuren von ERDNUSS, MANDEL und anderen NÜSSEN enthalten.",2050,491,27,"5,5",47,29,13,"0,02",https://www.edeka24.de/Lebensmittel/Suess-Salzig/Nuesse-getrocknete-Fruechte/Alnatura-Bio-Cashew-Cranberry-Mix-150G.html,https://www.edeka24.de/out/pictures/generated/product/1/540_540_90/alnatura_bio_cashew_cranberry_mix.jpg
3387,Lebensmittel,Süß & Salzig,Nüsse & getrocknete Früchte,Alnatura Bio Cashew Kerne 150G,"3,59 €","23,93 €/kg","inkl. MwSt., zzgl. 4.95 € Versandkosten.",lieferbar innerhalb von 2-5 Werktagen,2023-05-03 02:05:04.120391,-,Hinweis zur Aufbewahrung: Bitte trocken lagern und vor Wärme schützen.,"Verantwortliches Lebensmittelunternehmen:
Alnatura GmbH, Darmstädter Straße 63, D-64404 Bickenbach",Zutatenverzeichnis: CASHEWNÜSSE* *aus biologischer Landwirtschaft.,2461,592,42,"8,8",31,"9,1",21,"0,04",https://www.edeka24.de/Lebensmittel/Suess-Salzig/Nuesse-getrocknete-Fruechte/Alnatura-Bio-Cashew-Kerne-150G.html,https://www.edeka24.de/out/pictures/generated/product/1/540_540_90/alnatura_bio_cashew_kerne.jpg
3388,Lebensmittel,Süß & Salzig,Nüsse & getrocknete Früchte,Alnatura Bio Cashews geröstet & gesalzen 100G,"3,29 €","32,90 €/kg","inkl. MwSt., zzgl. 4.95 € Versandkosten.",lieferbar innerhalb von 2-5 Werktagen,2023-05-03 02:05:08.382352,"Bio Cashewnüsse, geröstet und gesalzen",Hinweis zur Aufbewahrung: Bitte trocken lagern und vor Wärme schützen.,"Verantwortliches Lebensmittelunternehmen:
Alnatura Produktions- und Handels GmbH, Mahatma-Gandhi-Str. 7, 64295 Darmstadt","Zutatenverzeichnis: CASHEWNÜSSE* 99 %, Meersalz 1 % *aus biologischer Landwirtschaft . Kann Spuren von ERDNUSS, SOJA, MANDEL und anderen NÜSSEN enthalten.",2586,624,51,12,18,"5,4",20,"0,88",https://www.edeka24.de/Lebensmittel/Suess-Salzig/Nuesse-getrocknete-Fruechte/Alnatura-Bio-Cashews-geroestet-gesalzen-100G.html,https://www.edeka24.de/out/pictures/generated/product/1/540_540_90/alnatura_bio_cashews_gerstet_amp_gesalzen.jpg
3389,Lebensmittel,Süß & Salzig,Nüsse & getrocknete Früchte,Alnatura Bio Cashews Thai Curry 100G,"3,79 €","37,90 €/kg","inkl. MwSt., zzgl. 4.95 € Versandkosten.",lieferbar innerhalb von 2-5 Werktagen,2023-05-03 02:05:12.401482,"Bio Cashewnüsse, geröstet, gesalzen und gewürzt",Hinweis zur Aufbewahrung: Bitte trocken lagern und vor Wärme schützen.,"Verantwortliches Lebensmittelunternehmen:
Alnatura GmbH, Mahatma-Gandhi-Straße 7, 64295 Darmstadt","Zutatenverzeichnis: CASHEWNÜSSE* 97 %, Meersalz 1,5 %, Gewürzzubereitung* 1 % (Chilipulver*, Currypulver*, Zwiebelpulver*, Paprikapulver*, Ingwerpulver*, Anis* gemahlen, Rübenzucker*, Apfelfaser*), Zitronenöl* *aus biologischer Landwirtschaft . Kann Spuren von ERDNUSS, SOJA, MANDEL und anderen NÜSSEN enthalten.",2390,575,41,"8,6",30,"9,5",20,"1,2",https://www.edeka24.de/Lebensmittel/Suess-Salzig/Nuesse-getrocknete-Fruechte/Alnatura-Bio-Cashews-Thai-Curry-100G.html,https://www.edeka24.de/out/pictures/generated/product/1/540_540_90/alnathaicash.jpg
3390,Lebensmittel,Süß & Salzig,Nüsse & getrocknete Früchte,Alnatura Bio Cranberrys 100G,"2,59 €","25,90 €/kg","inkl. MwSt., zzgl. 4.95 € Versandkosten.",lieferbar innerhalb von 2-5 Werktagen,2023-05-03 02:05:15.850057,"Bio Cranberrys getrocknet, mit Apfelsaftkonzentrat gesüßt, geölt",Hinweis zur Aufbewahrung: Bitte trocken lagern und vor Wärme schützen.,"Verantwortliches Lebensmittelunternehmen:
Alnatura GmbH, Mahatma-Gandhi-Straße 7, 64295 Darmstadt","Zutatenverzeichnis: Cranberrys* 60%, Apfelsaftkonzentrat* 39%, Sonnenblumenöl* 1% *aus biologischer Landwirtschaft . Kann Spuren von ERDNUSS, MANDEL und NÜSSEN enthalten.",1364,322,1,"0,2",74,60,"0,8","0,01",https://www.edeka24.de/Lebensmittel/Suess-Salzig/Nuesse-getrocknete-Fruechte/Alnatura-Bio-Cranberrys-100G.html,https://www.edeka24.de/out/pictures/generated/product/1/540_540_90/alnatura_bio_cranberrys_100_g.jpg
3391,Lebensmittel,Süß & Salzig,Nüsse & getrocknete Früchte,Alnatura Bio Datteln entsteint 200G,"2,29 €","11,45 €/kg","inkl. MwSt., zzgl. 4.95 € Versandkosten.",lieferbar innerhalb von 2-5 Werktagen,2023-05-03 02:05:19.344608,"Bio Datteln, entsteint und getrocknet",Hinweis zur Aufbewahrung: Bitte trocken lagern und vor Wärme schützen.,"Verantwortliches Lebensmittelunternehmen:
Alnatura GmbH, Darmstädter Str. 63, 64404 Bickenbach","Zutatenverzeichnis: Datteln* *aus biologischer Landwirtschaft. Kann Spuren von ERDNUSS, MANDEL, NÜSSEN und SESAM enthalten.",1256,296,"0,5","0,2",67,55,"2,3","0,03",https://www.edeka24.de/Lebensmittel/Suess-Salzig/Nuesse-getrocknete-Fruechte/Alnatura-Bio-Datteln-entsteint-200G.html,https://www.edeka24.de/out/pictures/generated/product/1/540_540_90/alnatura_bio_datteln_entsteint_200_g.jpg
3392,Lebensmittel,Süß & Salzig,Nüsse & getrocknete Früchte,Alnatura Bio Erdnüsse geröstet 250G,"2,59 €","10,36 €/kg","inkl. MwSt., zzgl. 4.95 € Versandkosten.",lieferbar innerhalb von 2-5 Werktagen,2023-05-03 02:05:23.123589,"Bio Erdnüsse geröstet, in der Schale",Hinweis zur Aufbewahrung: Bitte trocken lagern und vor Wärme schützen.,"Verantwortliches Lebensmittelunternehmen:
Alnatura GmbH, Darmstädter Str. 63, 64404 Bickenbach","Zutatenverzeichnis: ERDNÜSSE*, geröstet *aus biologischer Landwirtschaft. Kann Spuren von MANDEL und NÜSSEN enthalten.",2510,606,48,"6,4","7,5","5,5",30,"0,03",https://www.edeka24.de/Lebensmittel/Suess-Salzig/Nuesse-getrocknete-Fruechte/Alnatura-Bio-Erdnuesse-geroestet-250G.html,https://www.edeka24.de/out/pictures/generated/product/1/540_540_90/bio_alnatura_erdnamp252sse_geramp246stet_250g.jpg
3393,Lebensmittel,Süß & Salzig,Nüsse & getrocknete Früchte,Alnatura Bio Feigen 250G,"3,99 €","15,96 €/kg","inkl. MwSt., zzgl. 4.95 € Versandkosten.",lieferbar innerhalb von 2-5 Werktagen,2023-05-03 02:05:26.475006,"Bio Feigen, getrocknet",Hinweis zur Aufbewahrung: Bitte trocken lagern und vor Wärme schützen.,"Verantwortliches Lebensmittelunternehmen:
Alnatura Produktions- und Handels GmbH, Mahatma-Gandhi-Str. 7, 64295 Darmstadt",Zutatenverzeichnis: Feigen* *aus biologischer Landwirtschaft. Kann Spuren von NÜSSEN (inkl. ERDNÜSSEN) und MANDELN enthalten.,1161,275,"1,3","0,2",55,55,"3,5","0,1",https://www.edeka24.de/Lebensmittel/Suess-Salzig/Nuesse-getrocknete-Fruechte/Alnatura-Bio-Feigen-250G.html,https://www.edeka24.de/out/pictures/generated/product/1/540_540_90/alnatura_bio_feigen_klein.jpg
3394,Lebensmittel,Süß & Salzig,Nüsse & getrocknete Früchte,Alnatura Bio Feigen 400G,"7,49 €","18,73 €/kg","inkl. MwSt., zzgl. 4.95 € Versandkosten.",lieferbar innerhalb von 2-5 Werktagen,2023-05-03 02:05:29.600334,"Bio Feigen, getrocknet",Hinweis zur Aufbewahrung: Bitte trocken lagern und vor Wärme schützen.,"Verantwortliches Lebensmittelunternehmen:
Alnatura Produktions- und Handels GmbH, Mahatma-Gandhi-Str. 7, 64295 Darmstadt",Zutatenverzeichnis: Feigen* *aus biologischer Landwirtschaft,1161,275,"1,3","0,2",55,55,"3,5","0,1",https://www.edeka24.de/Lebensmittel/Suess-Salzig/Nuesse-getrocknete-Fruechte/Alnatura-Bio-Feigen-400G.html,https://www.edeka24.de/out/pictures/generated/product/1/540_540_90/bio_alnatura_feigen_400g.jpg
3395,Lebensmittel,Süß & Salzig,Nüsse & getrocknete Früchte,Alnatura Bio Goji Beeren 100G,"4,29 €","42,90 €/kg","inkl. MwSt., zzgl. 4.95 € Versandkosten.",lieferbar innerhalb von 2-5 Werktagen,2023-05-03 02:05:32.391503,"Bio Gojibeeren, getrocknet",Hinweis zur Aufbewahrung: Bitte trocken lagern und vor Wärme schützen.,"Verantwortliches Lebensmittelunternehmen:
Alnatura Produktions- und Handels GmbH, Mahatma-Gandhi-Str. 7, 64295 Darmstadt",Zutatenverzeichnis: Gojibeeren* *aus biologischer Landwirtschaft.,1343,318,"2,8","0,9",54,54,11,"0,73",https://www.edeka24.de/Lebensmittel/Suess-Salzig/Nuesse-getrocknete-Fruechte/Alnatura-Bio-Goji-Beeren-100G.html,https://www.edeka24.de/out/pictures/generated/product/1/540_540_90/bio_alnagojibeeren_100g.jpg
3396,Lebensmittel,Süß & Salzig,Nüsse & getrocknete Früchte,Alnatura Bio Haselnüsse gemahlen 150G,"3,49 €","23,27 €/kg","inkl. MwSt., zzgl. 4.95 € Versandkosten.",lieferbar innerhalb von 2-5 Werktagen,2023-05-03 02:05:37.311834,Bio Haselnüsse geröstet und gemahlen,Hinweis zur Aufbewahrung: Bitte trocken lagern und vor Wärme schützen. Unter Schutzatmisphäre verpackt.,"Verantwortliches Lebensmittelunternehmen:
Alnatura Produktions- und Handels GmbH, Mahatma-Gandhi-Str. 7, 64295 Darmstadt","Zutatenverzeichnis: HASELNÜSSE* *aus biologischer Landwirtschaft. Kann Spuren von ERDNUSS, MANDEL und anderen NÜSSEN enthalten. Kann Schalenbestandteile enthalten.",2785,674,62,"4,1",11,"4,6",14,"0,01",https://www.edeka24.de/Lebensmittel/Suess-Salzig/Nuesse-getrocknete-Fruechte/Alnatura-Bio-Haselnuesse-gemahlen-150G.html,https://www.edeka24.de/out/pictures/generated/product/1/540_540_90/alnatura_bio_haselnsse_gemahlen_150g.jpg
3397,Lebensmittel,Süß & Salzig,Nüsse & getrocknete Früchte,Alnatura Bio Ingwerwürfel kandiert 100G,"2,49 €","24,90 €/kg","inkl. MwSt., zzgl. 4.95 € Versandkosten.",lieferbar innerhalb von 2-5 Werktagen,2023-05-03 02:05:40.783907,"Bio Ingwerwürfel, kandiert",Hinweis zur Aufbewahrung: Bitte trocken lagern und vor Wärme schützen.,"Verantwortliches Lebensmittelunternehmen:
Alnatura GmbH, Mahatma-Gandhi-Straße 7, 64295 Darmstadt","Zutatenverzeichnis: Rohrohrzucker*, Ingwer* 25% *aus biologischer Landwirtschaft . Kann Spuren von ERDNUSS, MANDEL und NÜSSEN enthalten.",1440,339,"0,5","0,1",81,79,"0,5","0,06",https://www.edeka24.de/Lebensmittel/Suess-Salzig/Nuesse-getrocknete-Fruechte/Alnatura-Bio-Ingwerwuerfel-kandiert-100G.html,https://www.edeka24.de/out/pictures/generated/product/1/540_540_90/alnatura_bio_ingwerwrfel_kandiert.jpg
3398,Lebensmittel,Süß & Salzig,Nüsse & getrocknete Früchte,Alnatura Bio Kokos Chips 100G,"1,59 €","15,90 €/kg","inkl. MwSt., zzgl. 4.95 € Versandkosten.",lieferbar innerhalb von 2-5 Werktagen,2023-05-03 02:05:44.523642,"Bio Kokoschips, getrocknet",Hinweis zur Aufbewahrung: Bitte trocken lagern und vor Wärme schützen.,"Verantwortliches Lebensmittelunternehmen:
Alnatura GmbH, Mahatma-Gandhi-Straße 7, 64295 Darmstadt","Zutatenverzeichnis: Kokos* *aus biologischer Landwirtschaft . Kann Spuren von ERDNUSS, MANDEL und NÜSSEN enthalten.",2674,649,62,58,"7,5","6,6","7,8","0,09",https://www.edeka24.de/Lebensmittel/Suess-Salzig/Nuesse-getrocknete-Fruechte/Alnatura-Bio-Kokos-Chips-100G.html,https://www.edeka24.de/out/pictures/generated/product/1/540_540_90/alnatura_bio_kokos_chips.jpg
3399,Lebensmittel,Süß & Salzig,Nüsse & getrocknete Früchte,Alnatura Bio Kokos Chips geröstet 100G,"1,79 €","17,90 €/kg","inkl. MwSt., zzgl. 4.95 € Versandkosten.",lieferbar innerhalb von 2-5 Werktagen,2023-05-03 02:05:48.299607,"Bio Kokoschips, geröstet",Hinweis zur Aufbewahrung: Bitte trocken lagern und vor Wärme schützen.,"Verantwortliches Lebensmittelunternehmen:
Alnatura Produktions- und Handels GmbH, Mahatma-Gandhi-Str. 7, 64295 Darmstadt","Zutatenverzeichnis: Kokos* . Kann Spuren von ERDNUSS, MANDEL und NÜSSEN enthalten.",2674,649,62,58,"7,5","6,6","7,8","0,09",https://www.edeka24.de/Lebensmittel/Suess-Salzig/Nuesse-getrocknete-Fruechte/Alnatura-Bio-Kokos-Chips-geroestet-100G.html,https://www.edeka24.de/out/pictures/generated/product/1/540_540_90/bio_alnatura_kokos_chipsgeramp246stet_100g.jpg
3400,Lebensmittel,Süß & Salzig,Nüsse & getrocknete Früchte,Alnatura Bio Mango Stücke 100G,"2,89 €","28,90 €/kg","inkl. MwSt., zzgl. 4.95 € Versandkosten.",lieferbar innerhalb von 2-5 Werktagen,2023-05-03 02:05:53.885987,"Bio Mangostücke, getrocknet",Hinweis zur Aufbewahrung: Bitte trocken lagern und vor Wärme schützen.,"Verantwortliches Lebensmittelunternehmen:
Alnatura GmbH, Mahatma-Gandhi-Straße 7, 64295 Darmstadt","Zutatenverzeichnis: Mango* *aus biologischer Landwirtschaft . Kann Spuren von ERDNUSS, MANDEL und NÜSSEN enthalten.",1425,337,"1,2","0,3",70,56,"3,4","0,01",https://www.edeka24.de/Lebensmittel/Suess-Salzig/Nuesse-getrocknete-Fruechte/Alnatura-Bio-Mango-Stuecke-100G.html,https://www.edeka24.de/out/pictures/generated/product/1/540_540_90/alnatura_bio_mango_stcke.jpg
3401,Lebensmittel,Süß & Salzig,Nüsse & getrocknete Früchte,Alnatura Bio Nusskernmischung 200G,"4,29 €","21,45 €/kg","inkl. MwSt., zzgl. 4.95 € Versandkosten.",lieferbar innerhalb von 2-5 Werktagen,2023-05-03 02:05:59.239584,Bio Nusskernmischung,Hinweis zur Aufbewahrung: Bitte trocken lagern und vor Wärme schützen.,"Verantwortliches Lebensmittelunternehmen:
Alnatura Produktions- und Handels GmbH, Mahatma-Gandhi-Str. 7, 64295 Darmstadt","Zutatenverzeichnis: HASELNUSSKERNE* 35%, CASHEWNÜSSE* 30%, WALNUSSKERNE* 15%, MANDELN* weiß 10%, MANDELN* braun 10% *aus biologischer Landwirtschaft . Kann Spuren von ERDNUSS, anderen NÜSSEN und SESAM enthalten.",2629,636,56,"6,8",9,"4,3",20,"0,03",https://www.edeka24.de/Lebensmittel/Suess-Salzig/Nuesse-getrocknete-Fruechte/Alnatura-Bio-Nusskernmischung-200G.html,https://www.edeka24.de/out/pictures/generated/product/1/540_540_90/bio_alnatura_nusskernmischung_200g.jpg
3402,Lebensmittel,Süß & Salzig,Nüsse & getrocknete Früchte,Alnatura Bio Paranuss Kerne 200G,"5,29 €","26,45 €/kg","inkl. MwSt., zzgl. 4.95 € Versandkosten.",lieferbar innerhalb von 2-5 Werktagen,2023-05-03 02:06:02.709375,-,Hinweis zur Aufbewahrung: Bitte trocken lagern und vor Wärme schützen.,"Verantwortliches Lebensmittelunternehmen:
Alnatura Produktions- und Handels GmbH, Mahatma-Gandhi-Str. 7, 64295 Darmstadt","Zutatenverzeichnis: PARANUSSKERNE* *aus biologischer Landwirtschaft . Kann Spuren von ERDNUSS, MANDEL, anderen NÜSSEN und SESAM enthalten.",2877,698,67,17,"2,7","2,1",17,"0,03",https://www.edeka24.de/Lebensmittel/Suess-Salzig/Nuesse-getrocknete-Fruechte/Alnatura-Bio-Paranuss-Kerne-200G.html,https://www.edeka24.de/out/pictures/generated/product/1/540_540_90/alnatura_bio_paranuss_kerne.jpg
3403,Lebensmittel,Süß & Salzig,Nüsse & getrocknete Früchte,Alnatura Bio Rosinen 200G,"1,79 €","8,95 €/kg","inkl. MwSt., zzgl. 4.95 € Versandkosten.",lieferbar innerhalb von 2-5 Werktagen,2023-05-03 02:06:06.507296,"Bio Rosinen, geölt",Hinweis zur Aufbewahrung: Bitte trocken lagern und vor Wärme schützen.,"Verantwortliches Lebensmittelunternehmen:
Alnatura GmbH, Darmstädter Str. 63, 64404 Bickenbach","Zutatenverzeichnis: Rosinen* 99,5%, Sonnenblumenöl* 0,5% *aus biologischer Landwirtschaft. Kann Spuren von ERDNUSS, MANDEL und anderen NÜSSEN enthalten.",1385,327,"1,3","0,4",73,68,"2,7","0,01",https://www.edeka24.de/Lebensmittel/Suess-Salzig/Nuesse-getrocknete-Fruechte/Alnatura-Bio-Rosinen-200G.html,https://www.edeka24.de/out/pictures/generated/product/1/540_540_90/alnatura_bio_rosinen.jpg
3404,Lebensmittel,Süß & Salzig,Nüsse & getrocknete Früchte,Alnatura Bio Rosinen 500G,"3,49 €","6,98 €/kg","inkl. MwSt., zzgl. 4.95 € Versandkosten.",lieferbar innerhalb von 2-5 Werktagen,2023-05-03 02:06:09.968482,"Bio Rosinen, geölt",Hinweis zur Aufbewahrung: Bitte trocken lagern und vor Wärme schützen.,"Verantwortliches Lebensmittelunternehmen:
Alnatura Produktions- und Handels GmbH, Mahatma-Gandhi-Str. 7, 64295 Darmstadt","Zutatenverzeichnis: Rosinen* 99,5%, Sonnenblumenöl* 0,5% *aus biologischer Landwirtschaft . Kann Spuren von ERDNUSS, MANDEL und NÜSSEN enthalten.",1385,327,"1,3","0,4",73,68,"2,7","0,01",https://www.edeka24.de/Lebensmittel/Suess-Salzig/Nuesse-getrocknete-Fruechte/Alnatura-Bio-Rosinen-500G.html,https://www.edeka24.de/out/pictures/generated/product/1/540_540_90/bio_alnatura_rosinen_500g.jpg
3405,Lebensmittel,Süß & Salzig,Nüsse & getrocknete Früchte,Alnatura Bio Studentenfutter 200G,"2,99 €","14,95 €/kg","inkl. MwSt., zzgl. 4.95 € Versandkosten.",lieferbar innerhalb von 2-5 Werktagen,2023-05-03 02:06:13.588297,Bio Nuss-Trockenfrucht-Mischung,Hinweis zur Aufbewahrung: Bitte trocken lagern und vor Wärme schützen.,"Verantwortliches Lebensmittelunternehmen:
Alnatura GmbH, Mahatma-Gandhi-Straße 7, 64295 Darmstadt","Zutatenverzeichnis: Weinbeeren* geölt 30 % (Weinbeeren*, Sonnenblumenöl*), Sultaninen* geölt 20 % (Sultaninen*, Sonnenblumenöl*), Mandeln* weiß 15 %, HASELNUSSKERNE* 14 %, CASHEWKERNE* 14 %, WALNUSSKERNE* 7% *aus biologischer Landwirtschaft . Kann Spuren von ERDNUSS, anderen NÜSSEN und SESAM enthalten.",1963,471,27,"2,4",42,29,12,"0,03",https://www.edeka24.de/Lebensmittel/Suess-Salzig/Nuesse-getrocknete-Fruechte/Alnatura-Bio-Studentenfutter-200G.html,https://www.edeka24.de/out/pictures/generated/product/1/540_540_90/bio_alnatura_studentenfutter_200g.jpg
3406,Lebensmittel,Süß & Salzig,Nüsse & getrocknete Früchte,Alnatura Bio Studentenfutter 400G,"5,19 €","12,98 €/kg","inkl. MwSt., zzgl. 4.95 € Versandkosten.",lieferbar innerhalb von 2-5 Werktagen,2023-05-03 02:06:16.464606,Bio Nuss-Trockenfrucht-Mischung,Hinweis zur Aufbewahrung: Bitte trocken lagern und vor Wärme schützen.,"Verantwortliches Lebensmittelunternehmen:
Alnatura GmbH, Mahatma-Gandhi-Straße 7, 64295 Darmstadt","Zutatenverzeichnis: Weinbeeren* geölt 30 % (Weinbeeren*, Sonnenblumenöl*), Sultaninen* geölt 20 % (Sultaninen*, Sonnenblumenöl*), Mandeln* weiß 15 %, HASELNUSSKERNE* 14 %, CASHEWKERNE* 14 %, WALNUSSKERNE* 7 % *aus biologischer Landwirtschaft . Kann Spuren von ERDNUSS, anderen NÜSSEN und SESAM enthalten.",1963,471,27,"2,4",42,29,12,"0,03",https://www.edeka24.de/Lebensmittel/Suess-Salzig/Nuesse-getrocknete-Fruechte/Alnatura-Bio-Studentenfutter-400G.html,https://www.edeka24.de/out/pictures/generated/product/1/540_540_90/bio_alnatura_studentenfutter_400g.jpg
3407,Lebensmittel,Süß & Salzig,Nüsse & getrocknete Früchte,Alnatura Bio Walnuss Kerne 150G,"3,79 €","25,27 €/kg","inkl. MwSt., zzgl. 4.95 € Versandkosten.",lieferbar innerhalb von 2-5 Werktagen,2023-05-03 02:06:19.603719,-,Hinweis zur Aufbewahrung: Bitte trocken lagern und vor Wärme schützen.,"Verantwortliches Lebensmittelunternehmen:
Alnatura Produktions- und Handels GmbH, Mahatma-Gandhi-Str. 7, 64295 Darmstadt",Zutatenverzeichnis: WALNUSSKERNE* *aus biologischer Landwirtschaft.,2856,691,63,"6,8",11,7,17,"0,01",https://www.edeka24.de/Lebensmittel/Suess-Salzig/Nuesse-getrocknete-Fruechte/Alnatura-Bio-Walnuss-Kerne-150G.html,https://www.edeka24.de/out/pictures/generated/product/1/540_540_90/alnatura_bio_walnuss_kerne.jpg
3408,Lebensmittel,Süß & Salzig,Nüsse & getrocknete Früchte,Bio Naturally Pam Nut Cluster Crunchy Cocoa 90G,"3,50 €","38,89 €/kg","inkl. MwSt., zzgl. 4.95 € Versandkosten.",lieferbar innerhalb von 2-5 Werktagen,2023-05-03 02:06:24.131402,"Bio Würfel mit Haselnüssen, Mandeln und Kakaonibs",,"Verantwortliches Lebensmittelunternehmen:
Naturally Pam GmbH, DE-20459 Hamburg","Zutatenverzeichnis: HASELNÜSSE 31%, MANDELN 31%, Reissirup, Inulin, Kakaonibs 6%, Reismehl, Salz. Kann Spuren von ERDNÜSSEN, SOJA, MILCH, anderen SCHALENFRÜCHTEN und SESAM enthalten. Alle Zutaten, bis auf Salz, sind aus kontrolliert biologischem Anbau.",2285,551,"38,8","4,7","31,3","15,3","12,2","0,69",https://www.edeka24.de/Lebensmittel/Suess-Salzig/Nuesse-getrocknete-Fruechte/Bio-Naturally-Pam-Nut-Cluster-Crunchy-Cocoa-90G.html,https://www.edeka24.de/out/pictures/generated/product/1/540_540_90/7c026ff4-c4d2-4ab8-abe3-1477be357c47.jpg
3409,Lebensmittel,Süß & Salzig,Nüsse & getrocknete Früchte,Bio Seeberger Geröstete Mandeln 125G,"3,59 €","28,72 €/kg","inkl. MwSt., zzgl. 4.95 € Versandkosten.",lieferbar innerhalb von 2-5 Werktagen,2023-05-03 02:06:28.105793,,Hinweis zur Aufbewahrung: Vor Wärme und Feuchtigkeit geschützt aufbewahren.,"Verantwortliches Lebensmittelunternehmen:
Seeberger GmbH, Hans-Lorenser-Straße 36, 89079 Ulm",Zutatenverzeichnis: Bio MANDELN* geröstet *aus ökologischer Landwirtschaft Kann Spuren von anderen SCHALENFRÜCHTEN (z.B. NÜSSEN und Steinfrüchten) und ERDNÜSSEN enthalten.,2700,653,57,"4,6","5,3","3,8",26,"0,03",https://www.edeka24.de/Lebensmittel/Suess-Salzig/Nuesse-getrocknete-Fruechte/Bio-Seeberger-Geroestete-Mandeln-125G.html,https://www.edeka24.de/out/pictures/generated/product/1/540_540_90/seebergerbiomandeln.jpg
3410,Lebensmittel,Süß & Salzig,Nüsse & getrocknete Früchte,EDEKA Asia Nuts Wasabi Style 150G,"1,89 €","12,60 €/kg","inkl. MwSt., zzgl. 4.95 € Versandkosten.",lieferbar innerhalb von 2-5 Werktagen,2023-05-03 02:06:32.110538,Teigummantelte Erdnusskerne würzig & scharf,Hinweis zur Aufbewahrung: Vor Wärme geschützt und trocken lagern.,"Verantwortliches Lebensmittelunternehmen:
EDEKA ZENTRALE Stiftung & Co. KG, D-22291 Hamburg","Zutatenverzeichnis: 27% ERDNUSSKERNE, WEIZENMEHL, Zucker, Maisstärke, Maismehl, Palmöl, Speisesalz, SOJASAUCE (WEIZEN, SOJA, Wasser, Speisesalz, Dextrin, Farbstoff: E 150c), würzende Mischung (Dextrin, Verdickungsmittel: Gummi arabicum; SENFAROMA, Palmöl, Antioxidationsmittel: Extrakt aus Rosmarin), Backtriebmittel: Natriumcarbonate; Kartoffelstärke, Säureregulator: Citronensäure; Farbstoff E 141; Wasabipulver (0,003%). Das Produkt kann Spuren von SCHALEN- UND KREBSTIEREN, EI, FISCH, MILCH, SCHALENFRÜCHTEN, SELLERIE, SESAM und WEICHTIEREN enthalten.",1920,458,"19,3","4,4","59,6","23,4",10,1,https://www.edeka24.de/Lebensmittel/Suess-Salzig/Nuesse-getrocknete-Fruechte/EDEKA-Asia-Nuts-Wasabi-Style-150G.html,https://www.edeka24.de/out/pictures/generated/product/1/540_540_90/edekaasianutswasabi.jpg
3411,Lebensmittel,Süß & Salzig,Nüsse & getrocknete Früchte,EDEKA Bio Aprikosen 200G,"3,59 €","17,95 €/kg","inkl. MwSt., zzgl. 4.95 € Versandkosten.",lieferbar innerhalb von 2-5 Werktagen,2023-05-03 02:06:35.533158,-,"Hinweis zur Aufbewahrung: Vor Wärme geschützt, trocken und dunkel lagern.","Verantwortliches Lebensmittelunternehmen:
EDEKA ZENTRALE Stiftung & Co. KG, D-22291 Hamburg","Zutatenverzeichnis: Aprikosen, entsteint und getrocknet. Das Produkt kann Spuren von ERDNÜSSEN, SOJABOHNEN, MILCH, SELLERIE, SENF, SESAMSAMEN, SULFITE und SCHALENFRÜCHTEN enthalten. *aus kontrolliert ökologischer Landwirtschaft",1208,285,"0,3","0,1","66,7","43,6","2,3","0,01",https://www.edeka24.de/Lebensmittel/Suess-Salzig/Nuesse-getrocknete-Fruechte/EDEKA-Bio-Aprikosen-200G.html,https://www.edeka24.de/out/pictures/generated/product/1/540_540_90/bio_edeka_aprikosen_200g.jpg
3412,Lebensmittel,Süß & Salzig,Nüsse & getrocknete Früchte,Edeka Bio Cashewkerne geröstet & gesalzen 125G,"2,99 €","23,92 €/kg","inkl. MwSt., zzgl. 4.95 € Versandkosten.",lieferbar innerhalb von 2-5 Werktagen,2023-05-03 02:06:39.390700,"Bio Cashewkerne, geröstet und gesalzen","Hinweis zur Aufbewahrung: Vor Wärme geschützt, trocken und dunkel lagern.","Verantwortliches Lebensmittelunternehmen:
EDEKA ZENTRALE Stiftung & Co. KG, D-22291 Hamburg","Zutatenverzeichnis: 95,5% CASHEWKERNE*, Rapsöl*, Speisesalz. Das Produkt kann Spuren anderen SCHALENFRÜCHTEN, ERDNÜSSEN, SOJA, MILCH, SELLERIE, SENF, SESAM und SULFIT enthalten. *aus kontrolliert ökologischer Landwirtschaft",2539,612,"47,5","8,7","22,5","7,7","21,7",1,https://www.edeka24.de/Lebensmittel/Suess-Salzig/Nuesse-getrocknete-Fruechte/Edeka-Bio-Cashewkerne-geroestet-gesalzen-125G.html,https://www.edeka24.de/out/pictures/generated/product/1/540_540_90/bio_edeka_cashewkerne_geramp246stetampampgesalzen_125g.jpg
3413,Lebensmittel,Süß & Salzig,Nüsse & getrocknete Früchte,EDEKA Bio Cranberries 175G,"3,99 €","22,80 €/kg","inkl. MwSt., zzgl. 4.95 € Versandkosten.",lieferbar innerhalb von 2-5 Werktagen,2023-05-03 02:06:42.502836,Bio Cranberries getrocknet und gezuckert,"Hinweis zur Aufbewahrung: Vor Wärme geschützt, trocken und dunkel lagern.","Verantwortliches Lebensmittelunternehmen:
EDEKA ZENTRALE Stiftung & Co. KG, D-22291 Hamburg","Zutatenverzeichnis: 60% Cranberries*, 39% Rohrohrzucker*, Sonnenblumenöl*. Das Produkt kann Spuren von ERDNÜSSEN, SOJA, SCHALENFRÜCHTEN, MILCH, SELLERIE, SENF und SESAM enthalten. *aus kontrolliert ökologischer Landwirtschaft",1436,339,1,"0,1","78,5","68,8","0,5","0,03",https://www.edeka24.de/Lebensmittel/Suess-Salzig/Nuesse-getrocknete-Fruechte/EDEKA-Bio-Cranberries-175G.html,https://www.edeka24.de/out/pictures/generated/product/1/540_540_90/bio_edeka_cranberries_175g.jpg
3414,Lebensmittel,Süß & Salzig,Nüsse & getrocknete Früchte,Edeka Bio Erdnusskerne geröstet & gesalzen 150G,"1,59 €","10,60 €/kg","inkl. MwSt., zzgl. 4.95 € Versandkosten.",lieferbar innerhalb von 2-5 Werktagen,2023-05-03 02:06:45.612531,"Bio Erdnusskerne, geröstet und gesalzen","Hinweis zur Aufbewahrung: Vor Wärme geschützt, trocken und dunkel lagern.","Verantwortliches Lebensmittelunternehmen:
EDEKA ZENTRALE Stiftung & Co. KG, D-22291 Hamburg","Zutatenverzeichnis: 96% ERDNUSSKERNE*, Sonnenblumenöl*, Speisesalz. Das Produkt kann Spuren von SCHALENFRÜCHTEN, SOJA, MILCH, SELLERIE, SENF und SESAM enthalten. *aus kontrolliert ökologischer Landwirtschaft.",2595,626,51,"9,9",12,"5,5",26,"1,2",https://www.edeka24.de/Lebensmittel/Suess-Salzig/Nuesse-getrocknete-Fruechte/Edeka-Bio-Erdnusskerne-geroestet-gesalzen-150G.html,https://www.edeka24.de/out/pictures/generated/product/1/540_540_90/bio_edeka_erdnusskerne_geramp246stetampampgesalzen_150g.jpg
3415,Lebensmittel,Süß & Salzig,Nüsse & getrocknete Früchte,EDEKA Bio Pistazien geröstet & gesalzen 150G,"4,29 €","28,60 €/kg","inkl. MwSt., zzgl. 4.95 € Versandkosten.",lieferbar innerhalb von 2-5 Werktagen,2023-05-03 02:06:49.063662,"Bio Pistazien, geröstet und gesalzen","Hinweis zur Aufbewahrung: Vor Wärme geschützt, trocken und dunkel lagern","Verantwortliches Lebensmittelunternehmen:
EDEKA ZENTRALE Stiftung & Co. KG, D-22291 Hamburg","Zutatenverzeichnis: 98,5% geröstete PISTAZIEN*, Speisesalz. Das Produkt kann Spuren von anderen SCHALENFRÜCHTEN, ERDNÜSSEN, SOJA, MILCH, SELLERIE, SENF und SESAM enthalten. *aus kontrolliert ökologischer Landwirtschaft",2482,599,"48,2","6,1","11,5","4,7","25,3","1,5",https://www.edeka24.de/Lebensmittel/Suess-Salzig/Nuesse-getrocknete-Fruechte/EDEKA-Bio-Pistazien-geroestet-gesalzen-150G.html,https://www.edeka24.de/out/pictures/generated/product/1/540_540_90/bio_edeka_pistazien_geramp246stetampampgesalzen_150g.jpg
3416,Lebensmittel,Süß & Salzig,Nüsse & getrocknete Früchte,EDEKA Bio Sonnenblumenkerne 250G,"1,19 €","4,76 €/kg","inkl. MwSt., zzgl. 4.95 € Versandkosten.",lieferbar innerhalb von 2-5 Werktagen,2023-05-03 02:06:51.724367,-,"Hinweis zur Aufbewahrung: Vor Wärme geschützt, trocken und dunkel lagern.","Verantwortliches Lebensmittelunternehmen:
EDEKA ZENTRALE Stiftung & Co. KG, D-22291 Hamburg","Zutatenverzeichnis: Sonnenblumenkerne geschält*. Das Produkt kann Spuren von ERDNÜSSEN, SOJA, SCHALENFRÜCHTEN, MILCH, SELLERIE, SENF und SESAM enthalten. *aus kontrolliert ökologischer Landwirtschaft",2453,592,49,"5,7","12,3","2,6","22,4","0,01",https://www.edeka24.de/Lebensmittel/Suess-Salzig/Nuesse-getrocknete-Fruechte/EDEKA-Bio-Sonnenblumenkerne-250G.html,https://www.edeka24.de/out/pictures/generated/product/1/540_540_90/bio_edeka_sonnenblumenkerne_250g.jpg
3417,Lebensmittel,Süß & Salzig,Nüsse & getrocknete Früchte,EDEKA Cashew Kerne geröstet & gesalzen 125G,"2,69 €","21,52 €/kg","inkl. MwSt., zzgl. 4.95 € Versandkosten.",lieferbar innerhalb von 2-5 Werktagen,2023-05-03 02:06:55.115100,"Cashewkerne, geröstet, gesalzen",Hinweis zur Aufbewahrung: Vor Wärme geschützt und trocken lagern.,"Verantwortliches Lebensmittelunternehmen:
EDEKA ZENTRALE Stiftung & Co. KG, D-22291 Hamburg","Zutatenverzeichnis: 95 % CASHEWKERNE, Palmnöl, 1% Speisesalz. Das Produkt kann Spuren von ERDNÜSSEN, anderen SCHALENFRÜCHTEN und SESAM enthalten.",2586,625,"52,6","10,2","15,1","5,1","18,7","0,85",https://www.edeka24.de/Lebensmittel/Suess-Salzig/Nuesse-getrocknete-Fruechte/EDEKA-Cashew-Kerne-geroestet-gesalzen-125G.html,https://www.edeka24.de/out/pictures/generated/product/1/540_540_90/edeka_cashewkerne_gerstet_und_gesalzen.jpg
3418,Lebensmittel,Süß & Salzig,Nüsse & getrocknete Früchte,EDEKA Cashew Kerne geröstet & ungesalzen 125G,"2,69 €","21,52 €/kg","inkl. MwSt., zzgl. 4.95 € Versandkosten.",lieferbar innerhalb von 2-5 Werktagen,2023-05-03 02:06:58.038518,"Cashewkerne geröstet, ungesalzen",Hinweis zur Aufbewahrung: Vor Wärme geschützt und trocken lagern.,"Verantwortliches Lebensmittelunternehmen:
EDEKA ZENTRALE Stiftung & Co. KG, D-22291 Hamburg","Zutatenverzeichnis: 98% geröstete CASHEWKERNE, Sonnenblumenöl. Das Produkt kann Spuren von SCHALENFRÜCHTEN, ERDNÜSSEN und SESAM enthalten.",2653,640,"51,9","10,6","20,4","6,1","20,8","0,02",https://www.edeka24.de/Lebensmittel/Suess-Salzig/Nuesse-getrocknete-Fruechte/EDEKA-Cashew-Kerne-geroestet-ungesalzen-125G.html,https://www.edeka24.de/out/pictures/generated/product/1/540_540_90/edeka_cashew_kerne_gerstet_amp_ungesalzen.jpg
3419,Lebensmittel,Süß & Salzig,Nüsse & getrocknete Früchte,EDEKA Erdnusskerne geröstet & gesalzen 200G,"1,49 €","7,45 €/kg","inkl. MwSt., zzgl. 4.95 € Versandkosten.",lieferbar innerhalb von 2-5 Werktagen,2023-05-03 02:07:01.201768,Erdnusskerne geröstet & gesalzen,Hinweis zur Aufbewahrung: Vor Wärme geschützt und trocken lagern.,"Verantwortliches Lebensmittelunternehmen:
EDEKA ZENTRALE Stiftung & Co. KG, D-22291 Hamburg","Zutatenverzeichnis: 97% enthäutete, blanchierte, geröstete ERDNUSSKERNE, Sonnenblumenöl, Speisesalz. Das Produkt kann Spuren von SCHALENFRÜCHTEN enthalten.",2558,618,51,"7,5",11,"6,7",26,"0,75",https://www.edeka24.de/Lebensmittel/Suess-Salzig/Nuesse-getrocknete-Fruechte/EDEKA-Erdnusskerne-geroestet-gesalzen-200G.html,https://www.edeka24.de/out/pictures/generated/product/1/540_540_90/edeka_erdnusskerne_gerstet_amp_gesalzen(1).jpg
3420,Lebensmittel,Süß & Salzig,Nüsse & getrocknete Früchte,EDEKA Macadamias geröstet & gesalzen 125G,"4,79 €","38,32 €/kg","inkl. MwSt., zzgl. 4.95 € Versandkosten.",lieferbar innerhalb von 2-5 Werktagen,2023-05-03 02:07:03.847273,Macadamianüsse geröstet und gesalzen,Hinweis zur Aufbewahrung: Vor Wärme geschützt und trocken lagern.,"Verantwortliches Lebensmittelunternehmen:
EDEKA ZENTRALE Stiftung & Co. KG, D-22291 Hamburg","Zutatenverzeichnis: MACADAMIANUSSKERNE, Speisesalz. Das Produkt kann Spuren von ERDNÜSSEN und anderen SCHALENFRÜCHTEN enthalten.",761,3135,77,13,5,5,9,1,https://www.edeka24.de/Lebensmittel/Suess-Salzig/Nuesse-getrocknete-Fruechte/EDEKA-Macadamias-geroestet-gesalzen-125G.html,https://www.edeka24.de/out/pictures/generated/product/1/540_540_90/edeka_macadamias_gerstet_und_gesalzen(1).jpg
3421,Lebensmittel,Süß & Salzig,Nüsse & getrocknete Früchte,EDEKA Mix Nüsse geröstet & gesalzen 125G,"2,09 €","16,72 €/kg","inkl. MwSt., zzgl. 4.95 € Versandkosten.",lieferbar innerhalb von 2-5 Werktagen,2023-05-03 02:07:06.407238,"Mischung aus Erdnusskernen, Cashewkernen, blanchierten Mandeln, Haselnusskernen, jeweils geröstet und gesalzen",Hinweis zur Aufbewahrung: Vor Wärme geschützt und trocken lagern.,"Verantwortliches Lebensmittelunternehmen:
EDEKA ZENTRALE Stiftung & Co. KG, D-22291 Hamburg","Zutatenverzeichnis: 48% ERDNUSSKERNE, 25% CASHEWKERNE, 14% MANDELN blanchiert, 9% HASELNUSSKERNE, Sonnenblumenöl, Speisesalz. Das Produkt kann Spuren von SCHALENFRÜCHTEN enthalten.",650,2688,58,"9,1","8,1",6,20,"0,7",https://www.edeka24.de/Lebensmittel/Suess-Salzig/Nuesse-getrocknete-Fruechte/EDEKA-Mix-Nuesse-geroestet-gesalzen-125G.html,https://www.edeka24.de/out/pictures/generated/product/1/540_540_90/edeka_mix_nsse.jpg
3422,Lebensmittel,Süß & Salzig,Nüsse & getrocknete Früchte,EDEKA Pistazien geröstet & gesalzen 150G,"3,49 €","23,27 €/kg","inkl. MwSt., zzgl. 4.95 € Versandkosten.",lieferbar innerhalb von 2-5 Werktagen,2023-05-03 02:07:14.428143,"Pistazien geröstet, gesalzen",Hinweis zur Aufbewahrung: Vor Wärme geschützt und trocken lagern.,"Verantwortliches Lebensmittelunternehmen:
EDEKA ZENTRALE Stiftung & Co. KG, D-22291 Hamburg","Zutatenverzeichnis: Geröstete PISTAZIEN, Speisesalz. Das Produkt kann Spuren von ERDNÜSSEN und anderen SCHALENFRÜCHTEN enthalten.",2685,649,"53,9","7,2",13,"6,1",24,"1,5",https://www.edeka24.de/Lebensmittel/Suess-Salzig/Nuesse-getrocknete-Fruechte/EDEKA-Pistazien-geroestet-gesalzen-150G.html,https://www.edeka24.de/out/pictures/generated/product/1/540_540_90/edeka_pistazien_gerstet_gesalzen.jpg
3423,Lebensmittel,Süß & Salzig,Nüsse & getrocknete Früchte,EDEKA Rum Rosinen ungeschwefelt 125G,"1,69 €","13,52 €/kg","inkl. MwSt., zzgl. 4.95 € Versandkosten.",lieferbar innerhalb von 2-5 Werktagen,2023-05-03 02:07:17.979140,-,Hinweis zur Aufbewahrung: Vor Wärme geschützt und trocken lagern.,"Verantwortliches Lebensmittelunternehmen:
EDEKA ZENTRALE Stiftung & Co. KG, D-22291 Hamburg","Zutatenverzeichnis: Rosinen, 20% echter Jamaika-Rum.",1137,269,"0,7","0,2",54,54,2,"0,01",https://www.edeka24.de/Lebensmittel/Suess-Salzig/Nuesse-getrocknete-Fruechte/EDEKA-Rum-Rosinen-ungeschwefelt-125G.html,https://www.edeka24.de/out/pictures/generated/product/1/540_540_90/edeka_rum_rosinen.jpg
3424,Lebensmittel,Süß & Salzig,Nüsse & getrocknete Früchte,EDEKA Salzmandeln gesalzen 125G,"2,19 €","17,52 €/kg","inkl. MwSt., zzgl. 4.95 € Versandkosten.",lieferbar innerhalb von 2-5 Werktagen,2023-05-03 02:07:20.824816,"Mandeln blanchiert, geröstet & gesalzen",Hinweis zur Aufbewahrung: Vor Wärme geschützt und trocken lagern.,"Verantwortliches Lebensmittelunternehmen:
EDEKA ZENTRALE Stiftung & Co. KG, D-22291 Hamburg","Zutatenverzeichnis: 95% blanchierte MANDELN, Sonnenblumenöl, Speisesalz. Das Produkt kann Spuren von anderen SCHALENFRÜCHTEN, SESAM und ERDNÜSSEN enthalten.",2660,644,"58,1","5,2",4,4,"21,5","0,89",https://www.edeka24.de/Lebensmittel/Suess-Salzig/Nuesse-getrocknete-Fruechte/EDEKA-Salzmandeln-gesalzen-125G.html,https://www.edeka24.de/out/pictures/generated/product/1/540_540_90/edeka_salzmandeln_gesalzen(1).jpg
3425,Lebensmittel,Süß & Salzig,Nüsse & getrocknete Früchte,EDEKA Studentenfutter Edelmischung ohne Salz 200G,"3,29 €","16,45 €/kg","inkl. MwSt., zzgl. 4.95 € Versandkosten.",lieferbar innerhalb von 2-5 Werktagen,2023-05-03 02:07:23.696564,"Edelmischung aus getrockneten Weinbeeren, Macadamias, Haselnusskernen, Mandeln, Cashewkernen und Walnusskernen",Hinweis zur Aufbewahrung: Vor Wärme geschützt und trocken lagern.,"Verantwortliches Lebensmittelunternehmen:
EDEKA ZENTRALE Stiftung & Co. KG, D-22291 Hamburg","Zutatenverzeichnis: 29% Weinbeeren, 15% HASELNUSSKERNE, 15% MACADAMIANUSSKERNE, 15% blanchierte MANDELN, 15% CASHEWKERNE, 15% geröstete blanchierte Mandeln, 10% WALNUSSKERNE, Sonnenblumenöl. Das Produkt kann Spuren von anderen SCHALENFRÜCHTEN und ERDNÜSSEN enthalten.",2321,559,"42,1","5,4","29,9","21,5","12,5","0,15",https://www.edeka24.de/Lebensmittel/Suess-Salzig/Nuesse-getrocknete-Fruechte/EDEKA-Studentenfutter-Edelmischung-ohne-Salz-200G.html,https://www.edeka24.de/out/pictures/generated/product/1/540_540_90/edeka_studentenfutter_edelmischung_ohne_salz(1).jpg
3426,Lebensmittel,Süß & Salzig,Nüsse & getrocknete Früchte,Gut & Günstig Cashews geröstet & gesalzen 150G,"2,29 €","15,27 €/kg","inkl. MwSt., zzgl. 4.95 € Versandkosten.",lieferbar innerhalb von 2-5 Werktagen,2023-05-03 02:07:27.553970,"Cashewkerne, geröstet, gesalzen",Hinweis zur Aufbewahrung: Vor Wärme geschützt und trocken lagern.,"Verantwortliches Lebensmittelunternehmen:
EDEKA ZENTRALE Stiftung & Co. KG, D-22291 Hamburg","Zutatenverzeichnis: 96% CASHEWKERNE, ERDNUSSÖL, Speisesalz. Das Produkt kann Spuren von anderen SCHALENFRÜCHTEN enthalten.",2556,617,51,"9,5","17,8","6,7","19,1","0,78",https://www.edeka24.de/Lebensmittel/Suess-Salzig/Nuesse-getrocknete-Fruechte/Gut-Guenstig-Cashews-geroestet-gesalzen-150G.html,https://www.edeka24.de/out/pictures/generated/product/1/540_540_90/gut_amp_gnstig_cashews_gerstet_amp_gesalzen(1).jpg
3427,Lebensmittel,Süß & Salzig,Nüsse & getrocknete Früchte,Gut & Günstig Erdnüsse geröstet & gesalzen 200G,"1,19 €","5,95 €/kg","inkl. MwSt., zzgl. 4.95 € Versandkosten.",lieferbar innerhalb von 2-5 Werktagen,2023-05-03 02:07:31.607904,"Erdnusskerne, geröstet, gesalzen",Hinweis zur Aufbewahrung: Vor Wärme geschützt und trocken lagern.,"Verantwortliches Lebensmittelunternehmen:
EDEKA ZENTRALE Stiftung & Co. KG, D-22291 Hamburg","Zutatenverzeichnis: 95% ERDNUSSKERNE, Sonnenblumenöl, Speisesalz. Das Produkt kann Spuren von SCHALENFRÜCHTEN enthalten.",2562,619,"51,2","7,8",11,"5,2","2,4",1,https://www.edeka24.de/Lebensmittel/Suess-Salzig/Nuesse-getrocknete-Fruechte/Gut-Guenstig-Erdnuesse-geroestet-gesalzen-200G.html,https://www.edeka24.de/out/pictures/generated/product/1/540_540_90/gut_amp_gnstig_erdnsse_gerstet_amp_gesalzen(1).jpg
3428,Lebensmittel,Süß & Salzig,Nüsse & getrocknete Früchte,Lorenz NicNacs BBQ 110G,"2,29 €","20,82 €/kg","inkl. MwSt., zzgl. 4.95 € Versandkosten.",lieferbar innerhalb von 2-5 Werktagen,2023-05-03 02:07:35.290210,Erdnüsse in knuspriger Teighülle mit süß-würzigem Geschmack,Hinweis zur Aufbewahrung: Trocken lagern. Vor Wärme schützen.,"Verantwortliches Lebensmittelunternehmen:
The Lorenz Bahlsen Snack-World GmbH & Co KG Germany, Rathenaustr. 54, 63263 Neu-Isenburg","Zutatenverzeichnis: ERDNUSSKERNE (49%), Stärke, Palmöl, WEIZENMEHL, Zucker, Salz, Palmfett teilweise gehärtet, Maltodextrin (Kartoffel), modifizierte Stärke, Tomatenpulver, Paprikapulver, Zwiebelpulver, Chilipulver, Knoblauchpulver, Fruktose, Aroma, Raucharoma, Hefeextrakt, Backtriebmittel: Diphosphate, Natriumcarbonate. KANN AUCH SPUREN VON SCHALENFRÜCHTEN ENTHALTEN.",547,2278,36,11,37,"7,2",16,2,https://www.edeka24.de/Lebensmittel/Suess-Salzig/Nuesse-getrocknete-Fruechte/Lorenz-NicNacs-BBQ-110G.html,https://www.edeka24.de/out/pictures/generated/product/1/540_540_90/lorenz_nicnacs_bbq.jpg
3429,Lebensmittel,Süß & Salzig,Nüsse & getrocknete Früchte,Riegelein Gebrannte Erdnüsse 150G,"1,59 €","10,60 €/kg","inkl. MwSt., zzgl. 4.95 € Versandkosten.",lieferbar innerhalb von 2-5 Werktagen,2023-05-03 02:07:38.539060,"Gebrannte Erdnusskerne, dragiert",Hinweis zur Aufbewahrung: Vor Wärme schützen und trocken lagern.,"Verantwortliches Lebensmittelunternehmen:
Hans Riegelein & Sohn GmbH & Co. KG, Tiembacher Str. 11-13, 90556 Cadolzburg","Zutatenverzeichnis: ERDNUSSKERNE (50%), Zucker, Glukosesirup, färbende Frucht- und Pflanzenkonzentrate (Zitrone, Saflor, Karotte, Spirulina, schwarze Johannis-beere, Rettich), Verdickungsmittel: Gummi arabicum; Feuchthaltemittel: Sorbitsi-rup; Überzugsmittel: Carnaubawachs; natürliches Aroma. Kann SCHALENFRÜCHTE, WEIZEN, MILCH, EI und SOJA enthalten.",2028,484,21,"3,2",57,52,14,"0,02",https://www.edeka24.de/Lebensmittel/Suess-Salzig/Nuesse-getrocknete-Fruechte/Riegelein-Gebrannte-Erdnuesse-150G.html,https://www.edeka24.de/out/pictures/generated/product/1/540_540_90/riegelein_gebrannte_erdnamp252sse_150g.jpg
3430,Lebensmittel,Süß & Salzig,Nüsse & getrocknete Früchte,Seeberger Balance-Fruits 200G,"3,49 €","17,45 €/kg","inkl. MwSt., zzgl. 4.95 € Versandkosten.",lieferbar innerhalb von 2-5 Werktagen,2023-05-03 02:07:41.615761,Trockenfrucht-Mix,Hinweis zur Aufbewahrung: Nach dem Öffnen bitte kühl und trocken lagern!,"Verantwortliches Lebensmittelunternehmen:
Seeberger GmbH, Hand-Lorenser-Str. 36, 89079 Ulm","Zutatenverzeichnis: Trockenobst in veränderlichen Gewichtsanteilen (Aprikosen entsteint, Datteln entsteint, Pflaumen entsteint, Bananen, Apfelstücke), Antioxidationsmittel: SCHWEFELDIOXID, NATRIUMMETABISULFIT; Sonnenblumenöl, Konservierungsstoff: Kaliumsorbat.",1178,278,"0,5","0,1",60,51,"3,2","0,04",https://www.edeka24.de/Lebensmittel/Suess-Salzig/Nuesse-getrocknete-Fruechte/Seeberger-Balance-Fruits-200G.html,https://www.edeka24.de/out/pictures/generated/product/1/540_540_90/seeberger_balancefruits_200_g.jpg
3431,Lebensmittel,Süß & Salzig,Nüsse & getrocknete Früchte,Seeberger Cashew-Cranberry-Mix 150G,"4,49 €","29,93 €/kg","inkl. MwSt., zzgl. 4.95 € Versandkosten.",lieferbar innerhalb von 2-5 Werktagen,2023-05-03 02:07:44.708204,"Mischung aus gerösteten Cashewkerne (60 %) und gesüßten, getrockneten Cranberries (40 %)",Hinweis zur Aufbewahrung: Nach dem Öffnen bitte kühl und trocken lagern! Ein weißer Belag auf den Beeren ist ein Hinweis auf Verzuckerung. Dies ist ein natürlicher Vorgang und kein Verderb.,"Verantwortliches Lebensmittelunternehmen:
Seeberger GmbH, Seeberger GmbH, 89025 Ulm","Zutatenverzeichnis: Geröstete CASHEWKERNE, Cranberries, Zucker, Sonnenblumenöl.",2099,503,29,"5,9",45,30,12,"0,04",https://www.edeka24.de/Lebensmittel/Suess-Salzig/Nuesse-getrocknete-Fruechte/Seeberger-Cashew-Cranberry-Mix-150G.html,https://www.edeka24.de/out/pictures/generated/product/1/540_540_90/seeberger_cashewcranberrymix_150_g.jpg
3432,Lebensmittel,Süß & Salzig,Nüsse & getrocknete Früchte,Seeberger Delikatess-Feigen 500G,"9,29 €","18,58 €/kg","inkl. MwSt., zzgl. 4.95 € Versandkosten.",lieferbar innerhalb von 2-5 Werktagen,2023-05-03 02:07:47.806323,"Feigen getrocknet, ungeschwefelt, ohne Zusatz von Konservierungsstoffen",Hinweis zur Aufbewahrung: Vor Wärme und Feuchtigkeit geschützt aufbewahren.,"Verantwortliches Lebensmittelunternehmen:
Seeberger GmbH, D-89025 Ulm, Deutschland",,1244,294,"1,4","0,3",60,60,"3,9","0,11",https://www.edeka24.de/Lebensmittel/Suess-Salzig/Nuesse-getrocknete-Fruechte/Seeberger-Delikatess-Feigen-500G.html,https://www.edeka24.de/out/pictures/generated/product/1/540_540_90/seeberger_delikatessfeigen_500_g.jpg
3433,Lebensmittel,Süß & Salzig,Nüsse & getrocknete Früchte,Seeberger Edel-Nuss-Mix geröstet und gesalzen 150G,"4,49 €","29,93 €/kg","inkl. MwSt., zzgl. 4.95 € Versandkosten.",lieferbar innerhalb von 2-5 Werktagen,2023-05-03 02:07:51.030551,Mischung aus 80 % gerösteten und gesalzenen Nusskernen und 20 % Rauchmandeln (mit Raucharoma),"Hinweis zur Aufbewahrung: Nach dem Öffnen bitte kühl und trocken lagern! Achtung! Insbesondere Kinder unter 4 Jahren können sich an Nüssen leicht verschlucken, so dass diese in die Atemwege gelangen können. Deshalb Produkt außerhalb der Reichweite von kleinen Kindern aufbewahren.","Verantwortliches Lebensmittelunternehmen:
Seeberger GmbH, D-89025 Ulm, Deutschland","Zutatenverzeichnis: Nusskernmischung (in veränderlichen Gewichtsanteilen: CASHEWKERNE, ERDNUSSKERNE, MANDELN), MACADAMIA-Nusskerne (10 %), Palmöl, ERDNUSSÖL, Salz, Hefeextrakt, Aroma (enthält MILCHERZEUGNISSE), Raucharoma. Kann Spuren von anderen SCHALENFRÜCHTEN (NÜSSEN) enthalten.",2673,634,54,"8,2",12,"4,6",22,"1,2",https://www.edeka24.de/Lebensmittel/Suess-Salzig/Nuesse-getrocknete-Fruechte/Seeberger-Edel-Nuss-Mix-geroestet-und-gesalzen-150G.html,https://www.edeka24.de/out/pictures/generated/product/1/540_540_90/seeberger_edelnussmix_gerstet_und_gesalzen_150_g.jpg
3434,Lebensmittel,Süß & Salzig,Nüsse & getrocknete Früchte,Seeberger Erdnüsse Jumbo 500G,"5,49 €","10,98 €/kg","inkl. MwSt., zzgl. 4.95 € Versandkosten.",lieferbar innerhalb von 2-5 Werktagen,2023-05-03 02:07:54.499049,Erdnüsse Jumbo geröstet,Hinweis zur Aufbewahrung: Vor Wärme und Feuchtigkeit geschützt aufbewahren.,"Verantwortliches Lebensmittelunternehmen:
Seeberger GmbH, Hans-Lorenser-Straße 36, 89079 Ulm",,2636,637,53,7,"9,3","3,7",27,"0,05",https://www.edeka24.de/Lebensmittel/Suess-Salzig/Nuesse-getrocknete-Fruechte/Seeberger-Erdnuesse-Jumbo-500G.html,https://www.edeka24.de/out/pictures/generated/product/1/540_540_90/seeberger_erdnamp252sse_jumbo_riesen_500g.jpg
3435,Lebensmittel,Süß & Salzig,Nüsse & getrocknete Früchte,Seeberger Gebrannte Kürbiskerne 150G,"2,00 €","13,33 €/kg","inkl. MwSt., zzgl. 4.95 € Versandkosten.",lieferbar innerhalb von 2-5 Werktagen,2023-05-03 02:07:58.180959,Gebrannte Kürbiskerne mit Zuckerkruste,Hinweis zur Aufbewahrung: Nach dem Öffnen bitte kühl und trocken lagern!,"Verantwortliches Lebensmittelunternehmen:
Seeberger GmbH, D-89025 Ulm, Deutschland","Zutatenverzeichnis: Kürbiskerne schalenlos (65 %), Rohrzucker, Glukosesirup. Kann Spuren von SCHALENFRÜCHTEN (z.B. Nüssen und Steinfrüchten), ERDNÜSSEN und SESAM enthalten.",2220,532,32,"6,4",34,33,25,"0,02",https://www.edeka24.de/Lebensmittel/Suess-Salzig/Nuesse-getrocknete-Fruechte/Seeberger-Gebrannte-Kuerbiskerne-150G.html,https://www.edeka24.de/out/pictures/generated/product/1/540_540_90/seeberger_gebrannte_krbiskerne_150_g.jpg
3436,Lebensmittel,Süß & Salzig,Nüsse & getrocknete Früchte,Seeberger Gebrannte Mandeln 150G,"4,29 €","28,60 €/kg","inkl. MwSt., zzgl. 4.95 € Versandkosten.",lieferbar innerhalb von 2-5 Werktagen,2023-05-03 02:08:01.610819,Gebrannte Mandeln mit Zuckerkruste,Hinweis zur Aufbewahrung: Vor Wärme und Feuchtigkeit geschützt aufbewahren.,"Verantwortliches Lebensmittelunternehmen:
Seeberger GmbH, Hand-Lorenser-Str. 36, 89079 Ulm","Zutatenverzeichnis: MANDELN (65 %), Rohrzucker, Glukosesirup. Kann Spuren von anderen SCHALENFRÜCHTEN (z.B. NÜSSEN und STEINFRÜCHTEN) und ERDNÜSSEN enthalten.",2424,582,38,"3,5",41,41,15,"0,01",https://www.edeka24.de/Lebensmittel/Suess-Salzig/Nuesse-getrocknete-Fruechte/Seeberger-Gebrannte-Mandeln-150G.html,https://www.edeka24.de/out/pictures/generated/product/1/540_540_90/semandeln_gebrannt_150g.jpg
3437,Lebensmittel,Süß & Salzig,Nüsse & getrocknete Früchte,Seeberger Genuss-Mix süß & salzig 150G,"3,99 €","26,60 €/kg","inkl. MwSt., zzgl. 4.95 € Versandkosten.",lieferbar innerhalb von 2-5 Werktagen,2023-05-03 02:08:05.423650,"Mischung aus gesüßten und getrockneten Cranberries in Zartbitterkuvertüre (44%), gerösteten Cashewkernen (33%) und blanchierten, gerösteten, gesüßten und gesalzenen Mandelhälften (23%) (Kakao in Kuvertüre 54% mindestens)",Hinweis zur Aufbewahrung: Vor Wärme und Feuchtigkeit geschützt aufbewahren.,"Verantwortliches Lebensmittelunternehmen:
Seeberger GmbH, Hand-Lorenser-Str. 36, 89079 Ulm","Zutatenverzeichnis: CASHEWKERNE, Zartbitterkuvertüre (24 %) (Zucker, Kakaomasse, Kakaobutter, Emulgator: SOJALECITHINE; natürliches Vanillearoma), blanchierte MANDELN, Cranberries (11 %), Zucker, ERDNUSSÖL, Honig (0,4 %), Salz (0,3 %), Sonnenblumenöl, Überzugsmittel: Gummi arabicum; Kartoffelstärke. Kann Spuren von anderen SCHALENFRÜCHTEN (z.B. NÜSSEN und STEINFRÜCHTEN) und Milch enthalten.",2290,551,38,10,37,28,13,"0,37",https://www.edeka24.de/Lebensmittel/Suess-Salzig/Nuesse-getrocknete-Fruechte/Seeberger-Genuss-Mix-suess-salzig-150G.html,https://www.edeka24.de/out/pictures/generated/product/1/540_540_90/seebergergenussmix.jpg
3438,Lebensmittel,Süß & Salzig,Nüsse & getrocknete Früchte,Seeberger Haselnusskerne 125G,"3,79 €","30,32 €/kg","inkl. MwSt., zzgl. 4.95 € Versandkosten.",lieferbar innerhalb von 2-5 Werktagen,2023-05-03 02:08:08.649371,Haselnusskerne,Hinweis zur Aufbewahrung: Vor Wärme und Feuchtigkeit geschützt aufbewahren.,"Verantwortliches Lebensmittelunternehmen:
Seeberger GmbH, Hans-Lorenser-Str. 36, 89079 Ulm",Zutatenverzeichnis: Kann Spuren von anderen SCHALENFRÜCHTEN (z.B. NÜSSEN und STEINFRÜCHTEN) und ERDNÜSSEN enthalten.,2781,674,63,"5,3",6,"3,9",16,"0,01",https://www.edeka24.de/Lebensmittel/Suess-Salzig/Nuesse-getrocknete-Fruechte/Seeberger-Haselnusskerne-125G.html,https://www.edeka24.de/out/pictures/generated/product/1/540_540_90/seeberger_haselnusskerne_125g.jpg
3439,Lebensmittel,Süß & Salzig,Nüsse & getrocknete Früchte,Seeberger Macadamias geröstet & gesalzen 125G,"7,49 €","59,92 €/kg","inkl. MwSt., zzgl. 4.95 € Versandkosten.",lieferbar innerhalb von 2-5 Werktagen,2023-05-03 02:08:11.459521,"Macadamia-Nusskerne Trocken Geröstet, Leicht Gesalzen",Hinweis zur Aufbewahrung: Nach dem Öffnen bitte kühl und trocken lagern!,"Verantwortliches Lebensmittelunternehmen:
Seeberger GmbH, D-89025 Ulm, Deutschland","Zutatenverzeichnis: MACADAMIA-NUSSKERNE, Salz. Kann Spuren von anderen SCHALENFRÜCHTEN (NÜSSEN) und ERDNÜSSEN enthalten.",766,3156,78,11,"4,7","4,7","8,8",1,https://www.edeka24.de/Lebensmittel/Suess-Salzig/Nuesse-getrocknete-Fruechte/Seeberger-Macadamias-geroestet-gesalzen-125G.html,https://www.edeka24.de/out/pictures/generated/product/1/540_540_90/seeberger_macadamias_gerstet_amp_gesalzen_125_g.jpg
3440,Lebensmittel,Süß & Salzig,Nüsse & getrocknete Früchte,Seeberger Mandeln 500G,"11,49 €","22,98 €/kg","inkl. MwSt., zzgl. 4.95 € Versandkosten.",lieferbar innerhalb von 2-5 Werktagen,2023-05-03 02:08:16.165052,-,Hinweis zur Aufbewahrung: Vor Wärme und Feuchtigkeit geschützt aufbewahren.,"Verantwortliches Lebensmittelunternehmen:
Seeberger GmbH, Hans-Lorenser-Straße 36, 89079 Ulm",Zutatenverzeichnis: MANDELN. Kann Spuren von anderen SCHALENFRÜCHTEN (z.B. NÜSSEN und STEINFRÜCHTEN) und ERDNÜSSEN enthalten.,2558,619,53,"4,1","5,7","3,4",24,"0,01",https://www.edeka24.de/Lebensmittel/Suess-Salzig/Nuesse-getrocknete-Fruechte/Seeberger-Mandeln-500G.html,https://www.edeka24.de/out/pictures/generated/product/1/540_540_90/semandeln_500g.jpg
3441,Lebensmittel,Süß & Salzig,Nüsse & getrocknete Früchte,Seeberger Mango 300G,"11,09 €","36,97 €/kg","inkl. MwSt., zzgl. 4.95 € Versandkosten.",lieferbar innerhalb von 2-5 Werktagen,2023-05-03 02:08:19.705477,"Getrocknete Mangostreifen, geschwefelt",Hinweis zur Aufbewahrung: Vor Wärme und Feuchtigkeit geschützt aufbewahren.,"Verantwortliches Lebensmittelunternehmen:
Seeberger GmbH, Hand-Lorenser-Str. 36, 89079 Ulm","Zutatenverzeichnis: Mangostreifen, Kartoffelstärke, Antioxidationsmittel: NATRIUMMETABISULFIT.",1380,326,"0,9","0,4",71,54,"2,8","0,14",https://www.edeka24.de/Lebensmittel/Suess-Salzig/Nuesse-getrocknete-Fruechte/Seeberger-Mango-300G.html,https://www.edeka24.de/out/pictures/generated/product/1/540_540_90/seebergermanggo.jpg
3442,Lebensmittel,Süß & Salzig,Nüsse & getrocknete Früchte,Seeberger Milde Pinienkerne 150G,"13,99 €","93,27 €/kg","inkl. MwSt., zzgl. 4.95 € Versandkosten.",lieferbar innerhalb von 2-5 Werktagen,2023-05-03 02:08:23.456860,-,Hinweis zur Aufbewahrung: Vor Wärme und Feuchtigkeit geschützt aufbewahren.,"Verantwortliches Lebensmittelunternehmen:
Seeberger GmbH, D-89025 Ulm, Deutschland",Zutatenverzeichnis: Pinienkerne. Kann Spuren von SCHALENFRÜCHTEN (z.B. NÜSSEN und STEINFRÜCHTEN) und ERDNÜSSEN enthalten.,3033,735,71,"5,8","5,8","3,3",17,"0,03",https://www.edeka24.de/Lebensmittel/Suess-Salzig/Nuesse-getrocknete-Fruechte/Seeberger-Milde-Pinienkerne-150G.html,https://www.edeka24.de/out/pictures/generated/product/1/540_540_90/seeberger_milde_pinienkerne_150g.jpg
3443,Lebensmittel,Süß & Salzig,Nüsse & getrocknete Früchte,Seeberger Pekannusskerne 60G,"3,79 €","63,17 €/kg","inkl. MwSt., zzgl. 4.95 € Versandkosten.",lieferbar innerhalb von 2-5 Werktagen,2023-05-03 02:08:27.411336,-,Hinweis zur Aufbewahrung: Vor Wärme und Feuchtigkeit geschützt aufbewahren.,"Verantwortliches Lebensmittelunternehmen:
Seeberger GmbH, D-89025 Ulm, Deutschland",Zutatenverzeichnis: PEKANNUSSKERNE. Kann Spuren von anderen SCHALENFRÜCHTEN (z.B. NÜSSEN und STEINFRÜCHTEN) und ERDNÜSSEN enthalten.,3074,746,74,"7,2","5,7","3,7",11,"0,01",https://www.edeka24.de/Lebensmittel/Suess-Salzig/Nuesse-getrocknete-Fruechte/Seeberger-Pekannusskerne-60G.html,https://www.edeka24.de/out/pictures/generated/product/1/540_540_90/seeberger_pekannusskerne_60g.jpg
3444,Lebensmittel,Süß & Salzig,Nüsse & getrocknete Früchte,Seeberger Pinienkerne aus dem Mittelmeerraum 50G,"9,49 €","189,80 €/kg","inkl. MwSt., zzgl. 4.95 € Versandkosten.",lieferbar innerhalb von 2-5 Werktagen,2023-05-03 02:08:31.143075,"In welcher populären Nudel-Sauce sind Pinienkerne einer der heimlichen Hauptdarsteller? Das ist natürlich die beliebte italienische Spezialität Pesto, in der die kleinen, glänzenden Kerne einen würzig-nussigen Geschmack beisteuern.",Hinweis zur Aufbewahrung: Vor Wärme und Feuchtigkeit geschützt aufbewahren.,"Verantwortliches Lebensmittelunternehmen:
Seeberger GmbH, D-89025 Ulm, Deutschland",Zutatenverzeichnis: Pinienkerne. Kann Spuren von SCHALENFRÜCHTEN (z.B. NÜSSEN und STEINFRÜCHTEN) und ERDNÜSSEN enthalten.,602,2494,50,"5,7","1,8","1,8",36,"0,03",https://www.edeka24.de/Lebensmittel/Suess-Salzig/Nuesse-getrocknete-Fruechte/Seeberger-Pinienkerne-aus-dem-Mittelmeerraum-50G.html,https://www.edeka24.de/out/pictures/generated/product/1/540_540_90/seeberger_pinienkerne_aus_dem_mittelmeerraum_50g.jpg
3445,Lebensmittel,Süß & Salzig,Nüsse & getrocknete Früchte,Seeberger Studentenfutter 150G,"3,99 €","26,60 €/kg","inkl. MwSt., zzgl. 4.95 € Versandkosten.",lieferbar innerhalb von 2-5 Werktagen,2023-05-03 02:08:34.602782,Mischung aus Nusskernen (57%) und getrockneten Weinbeeren (43%).,Hinweis zur Aufbewahrung: Vor Wärme und Feuchtigkeit geschützt aufbewahren.,"Verantwortliches Lebensmittelunternehmen:
Seeberger GmbH, Hans-Lorenser-Straße 36, 89079 Ulm","Zutatenverzeichnis: NUSSKERNMISCHUNG in veränderlichen Gewichtsanteilen (HASELNUSSKERNE, blanchierte MANDELN, CASHEWKERNE), Weinbeeren getrocknet, WALNUSSKERNE (7,5 %), Sonnenblumenöl. Kann Spuren von anderen SCHALENFRÜCHTEN (z.B. NÜSSEN und STEINFRÜCHTEN)und ERDNÜSSEN enthalten.",2112,507,33,"3,7",36,32,13,"0,03",https://www.edeka24.de/Lebensmittel/Suess-Salzig/Nuesse-getrocknete-Fruechte/Seeberger-Studentenfutter-150G.html,https://www.edeka24.de/out/pictures/generated/product/1/540_540_90/seebergerstudentenfutter.jpg
3446,Lebensmittel,Süß & Salzig,Nüsse & getrocknete Früchte,Seeberger Walnusskerne 500G,"17,99 €","35,98 €/kg","inkl. MwSt., zzgl. 4.95 € Versandkosten.",lieferbar innerhalb von 2-5 Werktagen,2023-05-03 02:08:39.657546,-,Hinweis zur Aufbewahrung: Vor Wärme und Feuchtigkeit geschützt aufbewahren.,"Verantwortliches Lebensmittelunternehmen:
Seeberger GmbH, D-89025 Ulm, Deutschland",Zutatenverzeichnis: WALNUSSKERNE. Kann Spuren von anderen SCHALENFRÜCHTEN (NÜSSEN) und ERDNÜSSEN enthalten.,2957,717,69,"6,4",6,"2,6",16,"0,01",https://www.edeka24.de/Lebensmittel/Suess-Salzig/Nuesse-getrocknete-Fruechte/Seeberger-Walnusskerne-500G.html,https://www.edeka24.de/out/pictures/generated/product/1/540_540_90/sewalnusskerne_500g.jpg
3447,Lebensmittel,Süß & Salzig,Nüsse & getrocknete Früchte,Ültje Cashews geröstet & gesalzen 150G,"4,29 €","28,60 €/kg","inkl. MwSt., zzgl. 4.95 € Versandkosten.",lieferbar innerhalb von 2-5 Werktagen,2023-05-03 02:08:44.158835,"Cashewkerne, geröstet und gesalzen",Hinweis zur Aufbewahrung: Warnung: Kleine Kinder können an Nüssen ersticken. Vor Wärme geschützt und trocken lagern.,"Verantwortliches Lebensmittelunternehmen:
ültje GmbH, 58239 Schwerte","Zutatenverzeichnis: CASHEWKERNE, pflanzliches Öl (Palm, Sonnenblume), Salz. Enthält Spuren von ERDNÜSSEN und anderen SCHALENFRÜCHTEN.",2563,618,50,"9,2",22,"5,8",19,1,https://www.edeka24.de/Lebensmittel/Suess-Salzig/Nuesse-getrocknete-Fruechte/Ueltje-Cashews-geroestet-gesalzen-150G.html,https://www.edeka24.de/out/pictures/generated/product/1/540_540_90/ltje_cashews_gerstet_amp_gesalzen.jpg
3448,Lebensmittel,Süß & Salzig,Nüsse & getrocknete Früchte,Ültje Erdnüsse Extra Roast 180G,"2,29 €","12,72 €/kg","inkl. MwSt., zzgl. 4.95 € Versandkosten.",lieferbar innerhalb von 2-5 Werktagen,2023-05-03 02:08:47.483132,"Erdnusskerne, geröstet und gesalzen.",Hinweis zur Aufbewahrung: Vor Wärme geschützt und trocken lagern.,"Verantwortliches Lebensmittelunternehmen:
Intersnack Deutschland SE, Erna-Scheffler-Straße 3, 51103 Köln","Zutatenverzeichnis: ERDNUSSKERNE, Sonnenblumenöl, Maltodextrin, Salz, Geliermittel (Gummi arabicum), Zucker. Kann Spuren von SCHALENFRÜCHTEN (MANDELN, HASELNÜSSE, WALNÜSSE, CASHEWNÜSSE, PECANNÜSSE, PARANÜSSE, PISTAZIEN, MACADAMIANÜSSE) enthalten.",2485,600,48,"7,5",14,"5,2",24,"1,4",https://www.edeka24.de/Lebensmittel/Suess-Salzig/Nuesse-getrocknete-Fruechte/Ueltje-Erdnuesse-Extra-Roast-180G.html,https://www.edeka24.de/out/pictures/generated/product/1/540_540_90/amp220ltje_erdnamp252sse_extra_roast_180g.jpg
3449,Lebensmittel,Süß & Salzig,Nüsse & getrocknete Früchte,Ültje Erdnüsse geröstet & gesalzen 180G,"2,29 €","12,72 €/kg","inkl. MwSt., zzgl. 4.95 € Versandkosten.",lieferbar innerhalb von 2-5 Werktagen,2023-05-03 02:08:51.411248,"Erdnusskerne, geröstet und gesalzen.",Hinweis zur Aufbewahrung: Vor Wärme geschützt und trocken lagern.,"Verantwortliches Lebensmittelunternehmen:
Intersnack Deutschland SE, Erna-Scheffler-Straße 3, 51103 Köln","Zutatenverzeichnis: ERDNUSSKERNE, Sonnenblumenöl, Salz. Kann Spuren von SCHALENFRÜCHTEN (MANDELN, HASELNÜSSE, WALNÜSSE, CASHEWNÜSSE, PECANNÜSSE, PARANÜSSE, PISTAZIEN, MACADAMIANÜSSE) enthalten.",2562,619,51,"7,8",11,"5,2",24,1,https://www.edeka24.de/Lebensmittel/Suess-Salzig/Nuesse-getrocknete-Fruechte/Ueltje-Erdnuesse-geroestet-gesalzen-180G.html,https://www.edeka24.de/out/pictures/generated/product/1/540_540_90/amp220ltje_erdnamp252sse_geramp246stetampampgesalzen180g.jpg
3450,Lebensmittel,Süß & Salzig,Nüsse & getrocknete Früchte,Ültje Erdnüsse geröstet und gesalzen 3x 50G,"2,49 €","16,60 €/kg","inkl. MwSt., zzgl. 4.95 € Versandkosten.",lieferbar innerhalb von 2-5 Werktagen,2023-05-03 02:08:54.929875,"Erdnüsse, geröstet und gesalzen",Hinweis zur Aufbewahrung: Warnung: Kleine Kinder können an Nüssen ersticken. Vor Wärme geschützt und trocken lagern.,"Verantwortliches Lebensmittelunternehmen:
ültje GmbH, Binnerheide 28 58239 Schwerte","Zutatenverzeichnis: ERDNUSSKERNE, Sonnenblumenöl, Salz. Kann Spuren von SCHALENFRÜCHTEN enthalten.",619,2562,51,"7,8",11,"5,2",24,1,https://www.edeka24.de/Lebensmittel/Suess-Salzig/Nuesse-getrocknete-Fruechte/Ueltje-Erdnuesse-geroestet-und-gesalzen-3x-50G.html,https://www.edeka24.de/out/pictures/generated/product/1/540_540_90/ltje_erdnsse_gerstet_und_gesalzen_dreierpack.jpg
3451,Lebensmittel,Süß & Salzig,Nüsse & getrocknete Früchte,Ültje Erdnüsse Ofengeröstet gesalzen 180G,"2,29 €","12,72 €/kg","inkl. MwSt., zzgl. 4.95 € Versandkosten.",lieferbar innerhalb von 2-5 Werktagen,2023-05-03 02:08:58.070125,"Erdnusskerne, ofengeröstet und gesalzen.",Hinweis zur Aufbewahrung: Warnung: Kleine Kinder können an Nüssen ersticken. Vor Wärme geschützt und trocken lagern.,"Verantwortliches Lebensmittelunternehmen:
Intersnack Deutschland SE Erna-Scheffler-Str. 3, DE-51103 Köln","Zutatenverzeichnis: ERDNUSSKERNE, Salz, Geliermittel (Gummi arabicum), Maltodextrin, Karamellzucker.Kann Spuren von SCHALENFRÜCHTEN (MANDELN, HASELNÜSSE, WALNÜSSE, CASHEWNÜSSE, PECANNÜSSE, PARANÜSSE, PISTAZIEN, MACADAMIANÜSSE) enthalten.",2477,598,48,"7,6",12,"5,5",25,"1,3",https://www.edeka24.de/Lebensmittel/Suess-Salzig/Nuesse-getrocknete-Fruechte/Ueltje-Erdnuesse-Ofengeroestet-gesalzen-180G.html,https://www.edeka24.de/out/pictures/generated/product/1/540_540_90/amp220ltje_ofenerdnamp252sse_180g.jpg
3452,Lebensmittel,Süß & Salzig,Nüsse & getrocknete Früchte,Ültje Erdnüsse ohne Salz 200G,"2,49 €","12,45 €/kg","inkl. MwSt., zzgl. 4.95 € Versandkosten.",lieferbar innerhalb von 2-5 Werktagen,2023-05-03 02:09:01.062208,"Erdnüsse, geröstet ohne Salz",Hinweis zur Aufbewahrung: Warnung: Kleine Kinder können an Nüssen ersticken. Vor Wärme geschützt und trocken lagern.,"Verantwortliches Lebensmittelunternehmen:
ültje GmbH, Binnerheide 28 58239 Schwerte","Zutatenverzeichnis: ERDNUSSKERNE, Sonnenblumenöl. Kann Spuren von SCHALENFRÜCHTEN enthalten.",626,2592,52,"7,9",11,"5,3",25,"0,05",https://www.edeka24.de/Lebensmittel/Suess-Salzig/Nuesse-getrocknete-Fruechte/Ueltje-Erdnuesse-ohne-Salz-200G.html,https://www.edeka24.de/out/pictures/generated/product/1/540_540_90/61508100_b_ger_o_salz_0200g_rgb.jpg
3453,Lebensmittel,Süß & Salzig,Nüsse & getrocknete Früchte,Ültje Jumbo Erdnüsse 200G,"2,49 €","12,45 €/kg","inkl. MwSt., zzgl. 4.95 € Versandkosten.",lieferbar innerhalb von 2-5 Werktagen,2023-05-03 02:09:04.303327,"Erdnüsse, geröstet und gesalzen",Hinweis zur Aufbewahrung: Warnung: Kleine Kinder können an Nüssen ersticken. Vor Wärme geschützt und trocken lagern.,"Verantwortliches Lebensmittelunternehmen:
ültje GmbH, Binnerheide 28 58239 Schwerte","Zutatenverzeichnis: ERDNUSSKERNE, Sonnenblumenöl, Salz. Kann Spuren von SCHALENFRÜCHTEN enthalten.",2562,619,51,"7,8",11,"5,2","24,0","1,0",https://www.edeka24.de/Lebensmittel/Suess-Salzig/Nuesse-getrocknete-Fruechte/Ueltje-Jumbo-Erdnuesse-200G.html,https://www.edeka24.de/out/pictures/generated/product/1/540_540_90/61508200_b_ek_ger_ges_0200g_rgb.jpg
3454,Lebensmittel,Süß & Salzig,Nüsse & getrocknete Früchte,Ültje Kessel Nüsse Paprika 150G,"2,29 €","15,27 €/kg","inkl. MwSt., zzgl. 4.95 € Versandkosten.",lieferbar innerhalb von 2-5 Werktagen,2023-05-03 02:09:07.618498,"Geröstete Erdnüsse im Teigmantel, Paprika",Hinweis zur Aufbewahrung: Vor Wärme geschützt und trocken lagern. Warnung: Kleine Kinder können an Nüssen ersticken.,"Verantwortliches Lebensmittelunternehmen:
ültje GmbH, Binnerheide 28 58239 Schwerte","Zutatenverzeichnis: 42% ERDNUSSKERNE, Reismehl, Stärke (Mais, WEIZEN), WEIZENMEHL, 7% Sonnenblumenöl, Zucker, Salz, Gewürze, Tomatenpulver, Zwiebelpulver, natürliches Aroma, Paprika, Hefeextrakt, Chili, Farbstoff (Paprikaextrakt), Invertzuckersirup, Knoblauchpulver. Kann Spuren von SCHALENFRÜCHTEN enthalten.",498,2079,28,"3,8",46,"7,6",14,"1,8",https://www.edeka24.de/Lebensmittel/Suess-Salzig/Nuesse-getrocknete-Fruechte/Ueltje-Kessel-Nuesse-Paprika-150G.html,https://www.edeka24.de/out/pictures/generated/product/1/540_540_90/ltje_kessel_nsse_paprika.jpg
3455,Lebensmittel,Süß & Salzig,Nüsse & getrocknete Früchte,Ültje Linsen Crackets Oriental 110G,"2,49 €","22,64 €/kg","inkl. MwSt., zzgl. 4.95 € Versandkosten.",lieferbar innerhalb von 2-5 Werktagen,2023-05-03 02:09:10.730333,Geröstete Erdnusskerne im Teigmantel,Hinweis zur Aufbewahrung: Vor Wärme schützen und trocken lagern.,"Verantwortliches Lebensmittelunternehmen:
Intersnack Postfach 910460, DE-51074 Köln","Zutatenverzeichnis: 47% ERDNUSSKERNE, 17% Linsenmehl, 10% Sonnenblumenöl, Wachsmaisstärke, Reismehl, Zucker, Salz, Gewürze (Chilli, Ingwer, Cumin, Kurkuma, Pfeffer, Koriander, Bockshornklee, Piment, Kardamom), Tomatenpulver, Zwiebelpulver, Hefeextrakt, natürliches Aroma, Knoblauchpulver, Branntweinessigpulver, Säuerungsmittel (Citronensäure), Oregano. Kann Spuren von SCHALENFRÜCHTEN (MANDELN, HASELNÜSSE, WALNÜSSE, CASHEWNÜSSE, PECANNÜSSE, PISTAZIEN, MACADAMIANÜSSE) enthalten.",2201,528,32,"4,8",39,"7,5",18,"1,3",https://www.edeka24.de/Lebensmittel/Suess-Salzig/Nuesse-getrocknete-Fruechte/Ueltje-Linsen-Crackets-Oriental-110G.html,https://www.edeka24.de/out/pictures/generated/product/1/540_540_90/amp220ltje_linsen_crackets_oriental_110g.jpg
3456,Lebensmittel,Süß & Salzig,Nüsse & getrocknete Früchte,Ültje Linsen Crackets Paprika 110G,"2,49 €","22,64 €/kg","inkl. MwSt., zzgl. 4.95 € Versandkosten.",lieferbar innerhalb von 2-5 Werktagen,2023-05-03 02:09:13.855806,Geröstete Erdnusskerne im Teigmantel,Hinweis zur Aufbewahrung: Vor Wärme schützen und trocken lagern.,"Verantwortliches Lebensmittelunternehmen:
Intersnack Postfach 910460, DE-51074 Köln","Zutatenverzeichnis: 47% ERNDNUSSKERNE, 17% Linsenmehl, 10% Sonnenblumenöl, Wachsmaisstärke, Reismehl, Zucker, Salz, natürliches Aroma, Zwiebelpulver, Paprikapulver, Knoblauchpulver, Hefeextrakt, Gewürze, Farbstoff (Paprikaextrakt).Kann Spuren von SCHALENFRÜCHTEN (MANDELN, HASELNÜSSE,WALNÜSSE,CASHEWNÜSSE,PECANNÜSSE,PARANÜSSE,PISTAZIEN,MACADAMIA NÜSSE) enthalten.",2199,527,32,"5,0",39,"8,0",18,"1,4",https://www.edeka24.de/Lebensmittel/Suess-Salzig/Nuesse-getrocknete-Fruechte/Ueltje-Linsen-Crackets-Paprika-110G.html,https://www.edeka24.de/out/pictures/generated/product/1/540_540_90/amp220ltje_linsen_crackets_paprika_110g.jpg
3457,Lebensmittel,Süß & Salzig,Nüsse & getrocknete Früchte,Ültje Mandel Erdnuss Mix Honig & Salz 200G,"3,49 €","17,45 €/kg","inkl. MwSt., zzgl. 4.95 € Versandkosten.",lieferbar innerhalb von 2-5 Werktagen,2023-05-03 02:09:17.900433,Mandel Erdnuss Mix mit Honig und Salz,Hinweis zur Aufbewahrung: Vor Wärme geschützt und trocken lagern. Warnung: Kleine Kinder können an Nüssen ersticken.,"Verantwortliches Lebensmittelunternehmen:
ültje GmbH, Binnerheide 28 58239 Schwerte","Zutatenverzeichnis: MANDELN (33%), ERDNUSSKERNE (32%), Zucker, Honig (3%), pflanzliche Öle (Sonnenblume, Shea), Geliermittel (E414), Salz, Farbstoff (E150c). Kann Spuren von anderen SCHALENFRÜCHTEN enthalten.",545,2269,35,"4,2",38,34,17,"0,81",https://www.edeka24.de/Lebensmittel/Suess-Salzig/Nuesse-getrocknete-Fruechte/Ueltje-Mandel-Erdnuss-Mix-Honig-Salz-200G.html,https://www.edeka24.de/out/pictures/generated/product/1/540_540_90/ltje_mandel_erdnuss_mix_honig_amp_salz.jpg
3458,Lebensmittel,Süß & Salzig,Nüsse & getrocknete Früchte,Ültje Mandeln geröstet & gesalzen 150G,"3,99 €","26,60 €/kg","inkl. MwSt., zzgl. 4.95 € Versandkosten.",lieferbar innerhalb von 2-5 Werktagen,2023-05-03 02:09:21.936675,"Mandeln, geröstet und gesalzen",Hinweis zur Aufbewahrung: Warnung: Kleine Kinder können an Nüssen ersticken. Vor Wärme geschützt und trocken lagern.,"Verantwortliches Lebensmittelunternehmen:
ültje GmbH, Binnerheide 28 58239 Schwerte","Zutatenverzeichnis: MANDELN, pflanzliches Öl (Palm, Sonnenblume), Salz. Enthält Spuren von ERDNÜSSEN und anderen SCHALENFRÜCHTEN.",2663,644,56,"5,7",13,"4,7",19,1,https://www.edeka24.de/Lebensmittel/Suess-Salzig/Nuesse-getrocknete-Fruechte/Ueltje-Mandeln-geroestet-gesalzen-150G.html,https://www.edeka24.de/out/pictures/generated/product/1/540_540_90/61536700_b_mandeln_ger_ges_150g_rgb.jpg
3459,Lebensmittel,Süß & Salzig,Nüsse & getrocknete Früchte,Ültje Mix-Nuss geröstet & gesalzen 150G,"4,29 €","28,60 €/kg","inkl. MwSt., zzgl. 4.95 € Versandkosten.",lieferbar innerhalb von 2-5 Werktagen,2023-05-03 02:09:25.105359,"Mischung aus Cashewkerne, Mandeln, Pekankerne, geröstet und gesalzen",Hinweis zur Aufbewahrung: Warnung: Kleine Kinder können an Nüssen ersticken. Vor Wärme geschützt und trocken lagern.,"Verantwortliches Lebensmittelunternehmen:
ültje GmbH, Binnerheide 28 58239 Schwerte","Zutatenverzeichnis: CASHEWKERNE, PEKAN-KERNE, geschälte MANDELN, Sonnenblumenöl, Salz. Kann Spuren von ERDNÜSSEN und anderen SCHALENFRÜCHTEN enthalten.",643,2661,"56,0","7,7",13,"4,6","18,0","0,75",https://www.edeka24.de/Lebensmittel/Suess-Salzig/Nuesse-getrocknete-Fruechte/Ueltje-Mix-Nuss-geroestet-gesalzen-150G.html,https://www.edeka24.de/out/pictures/generated/product/1/540_540_90/ltje_mixnuss_gerstet_amp_gesalzen.jpg
3460,Lebensmittel,Süß & Salzig,Nüsse & getrocknete Früchte,Ültje Pur Nussmischung 150G,"3,99 €","26,60 €/kg","inkl. MwSt., zzgl. 4.95 € Versandkosten.",lieferbar innerhalb von 2-5 Werktagen,2023-05-03 02:09:28.282397,Nussmischung,Hinweis zur Aufbewahrung: Vor Wärme geschützt und trocken lagern. Warnung: Kleine Kinder könnenan Nüssen ersticken.,"Verantwortliches Lebensmittelunternehmen:
ültje GmbH, Binnerheide 28 58239 Schwerte","Zutatenverzeichnis: CASHEWKERNE, PARANUSSKERNE, WALNUSSKERNE, MANDELN. Kann Spuren von ERDNÜSSEN und anderen SCHALENFRÜCHTEN enthalten.",648,2678,58,"9,9",12,4,18,"0,02",https://www.edeka24.de/Lebensmittel/Suess-Salzig/Nuesse-getrocknete-Fruechte/Ueltje-Pur-Nussmischung-150G.html,https://www.edeka24.de/out/pictures/generated/product/1/540_540_90/ltje_pur_nussmischung.jpg
3461,Lebensmittel,Süß & Salzig,Nüsse & getrocknete Früchte,Ültje Pur Sudentenfutter 150G,"3,49 €","23,27 €/kg","inkl. MwSt., zzgl. 4.95 € Versandkosten.",lieferbar innerhalb von 2-5 Werktagen,2023-05-03 02:09:31.535122,"Mischung aus Rosinen, Cashewkernen, Walnusskernen und Mandeln",Hinweis zur Aufbewahrung: Vor Wärme geschützt und trocken lagern. Warnung: Kleine Kinder können an Nüssen ersticken.,"Verantwortliches Lebensmittelunternehmen:
ültje GmbH, Binnerheide 28 58239 Schwerte","Zutatenverzeichnis: Rosinen, CASHEWKERNE, WALNUSSKERNE, MANDELN, Sonnenblumenöl. Kann Spuren von ERDNÜSSEN und anderen SCHALENFRÜCHTEN enthalten.",2116,508,33,"4,3",37,25,12,"0,03",https://www.edeka24.de/Lebensmittel/Suess-Salzig/Nuesse-getrocknete-Fruechte/Ueltje-Pur-Sudentenfutter-150G.html,https://www.edeka24.de/out/pictures/generated/product/1/540_540_90/ltje_pur_sudentenfutter.jpg
3462,Lebensmittel,Süß & Salzig,Nüsse & getrocknete Früchte,Ültje Studentenfutter mit Rosinen Original 200G,"3,79 €","18,95 €/kg","inkl. MwSt., zzgl. 4.95 € Versandkosten.",lieferbar innerhalb von 2-5 Werktagen,2023-05-03 02:09:34.895878,Studentenfutter original,Hinweis zur Aufbewahrung: Warnung: Kleine Kinder können an Nüssen ersticken. Vor Wärme geschützt und trocken lagern.,"Verantwortliches Lebensmittelunternehmen:
ültje GmbH, Binnerheide 28 58239 Schwerte","Zutatenverzeichnis: 30% Rosinen, geröstete ERDNUSSKERNE, geröstete CASHEWKERNE, geröstete MANDELN, Sonnenblumenöl. %-Anteile unterliegen abfülltechnischen Schwankungen. Kann Spuren von anderen SCHALENFRÜCHTEN enthalten.",2230,536,37,"5,4",32,20,16,"0,07",https://www.edeka24.de/Lebensmittel/Suess-Salzig/Nuesse-getrocknete-Fruechte/Ueltje-Studentenfutter-mit-Rosinen-Original-200G.html,https://www.edeka24.de/out/pictures/generated/product/1/540_540_90/ueltje_studentenf_nussig_200g.jpg
3464,Lebensmittel,Süß & Salzig,Nüsse & getrocknete Früchte,Unverpackt Bio Feigen 300G,"4,49 €","14,97 €/kg","zzgl. 0,15 € Pfand","inkl. MwSt., zzgl. 4.95 € Versandkosten.",2023-05-03 02:09:42.760989,-,"Hinweis zur Aufbewahrung: Kühl, trocken und im Dunkeln lagern.","Verantwortliches Lebensmittelunternehmen:
Unverpackt Umgedacht GmbH, Ernst-Thälmann-Str. 99, 14532 Kleinmachnow",,1462,349,"1,8","0,8",77,34,"4,4",0,https://www.edeka24.de/Lebensmittel/Suess-Salzig/Nuesse-getrocknete-Fruechte/Unverpackt-Bio-Feigen-300G.html,https://www.edeka24.de/out/pictures/generated/product/1/540_540_90/unverpacktfeigen.jpg
3465,Lebensmittel,Süß & Salzig,Nüsse & getrocknete Früchte,Unverpackt Bio Gojibeeren 230G,"8,00 €","34,78 €/kg","zzgl. 0,15 € Pfand","inkl. MwSt., zzgl. 4.95 € Versandkosten.",2023-05-03 02:09:45.441986,-,"Hinweis zur Aufbewahrung: Kühl, trocken und im Dunkeln lagern.","Verantwortliches Lebensmittelunternehmen:
Unverpackt Umgedacht GmbH, Ernst-Thälmann-Str. 99, 14532 Kleinmachnow",,1436,343,"1,2",0,64,46,14,"0,3",https://www.edeka24.de/Lebensmittel/Suess-Salzig/Nuesse-getrocknete-Fruechte/Unverpackt-Bio-Gojibeeren-230G.html,https://www.edeka24.de/out/pictures/generated/product/1/540_540_90/unverpacktgojibeeren.jpg
3466,Lebensmittel,Süß & Salzig,Nüsse & getrocknete Früchte,Unverpackt Bio Haselnusskerne 290G,"7,29 €","25,14 €/kg","zzgl. 0,15 € Pfand","inkl. MwSt., zzgl. 4.95 € Versandkosten.",2023-05-03 02:09:49.122532,-,"Hinweis zur Aufbewahrung: Kühl, trocken und im Dunkeln lagern.","Verantwortliches Lebensmittelunternehmen:
Unverpackt Umgedacht GmbH, Ernst-Thälmann-Str. 99, 14532 Kleinmachnow",,2661,634,62,"5,2",6,"3,8",16,0,https://www.edeka24.de/Lebensmittel/Suess-Salzig/Nuesse-getrocknete-Fruechte/Unverpackt-Bio-Haselnusskerne-290G.html,https://www.edeka24.de/out/pictures/generated/product/1/540_540_90/unverpackthaselnsse.jpg
3467,Lebensmittel,Süß & Salzig,Nüsse & getrocknete Früchte,Unverpackt Bio Mandeln 290G,"7,49 €","25,83 €/kg","zzgl. 0,15 € Pfand","inkl. MwSt., zzgl. 4.95 € Versandkosten.",2023-05-03 02:09:53.416087,-,"Hinweis zur Aufbewahrung: Kühl, trocken und im Dunkeln lagern.","Verantwortliches Lebensmittelunternehmen:
Unverpackt Umgedacht GmbH, Ernst-Thälmann-Str. 99, 14532 Kleinmachnow","Zutatenverzeichnis: Kann Spuren von SCHALENFRÜCHTEN, ERDNÜSSEN und SEAM enthalten.",2466,589,53,"4,1",6,"3,4",24,0,https://www.edeka24.de/Lebensmittel/Suess-Salzig/Nuesse-getrocknete-Fruechte/Unverpackt-Bio-Mandeln-290G.html,https://www.edeka24.de/out/pictures/generated/product/1/540_540_90/unverpacktmandeln.jpg
3469,Lebensmittel,Süß & Salzig,Nüsse & getrocknete Früchte,Unverpackt Bio Walnüsse 200G,"5,79 €","28,95 €/kg","zzgl. 0,15 € Pfand","inkl. MwSt., zzgl. 4.95 € Versandkosten.",2023-05-03 02:10:02.660871,-,"Hinweis zur Aufbewahrung: Kühl, trocken und im Dunkeln lagern.","Verantwortliches Lebensmittelunternehmen:
Unverpackt Umgedacht GmbH, Ernst-Thälmann-Str. 99, 14532 Kleinmachnow",,2738,564,63,"6,7",11,"2,6",14,"0,01",https://www.edeka24.de/Lebensmittel/Suess-Salzig/Nuesse-getrocknete-Fruechte/Unverpackt-Bio-Walnuesse-200G.html,https://www.edeka24.de/out/pictures/generated/product/1/540_540_90/unverpacktwalnsse.jpg
3470,Lebensmittel,Fertiggerichte,Gerichte zum Anrühren,Maggi Wirtshaus Makkaroni mit dreierlei Käse 170G,"1,69 €","9,94 €/kg","inkl. MwSt., zzgl. 4.95 € Versandkosten.",lieferbar innerhalb von 2-5 Werktagen,2023-05-03 02:10:05.664164,Nudeln in Käse-Sauce,Hinweis zur Aufbewahrung: Trocken lagern und vor Wärme schützen.,"Verantwortliches Lebensmittelunternehmen:
Maggi GmbH, Lyoner Str. 23, D-60528 Frankfurt","Zutatenverzeichnis: 82,3% Nudeln (HARTWEIZENGRIEß, WEIZENDUNST), 8% KÄSE [SCHMELZKÄSE, PARMESAN (PARMIGIANO REGGIANO), FRISCHKÄSE], MILCHEIWEIß, Gewürze, Schnittlauch, MAGERMILCHPULVER, Sonnenblumenöl, Glucosesirup, Hefeextrakt, MOLKENERZEUGNIS, Jodsalz, Zucker, MILCHZUCKER, Aromen (mit MILCH), Palmkernfett, Verdickungsmittel Guarkernmehl, Emulgator Lecithine. [SPUREN: EIER, SELLERIE, SENF, SOJA]",131,554,"2,5","1,2",21,"0,9","5,4","0,9",https://www.edeka24.de/Lebensmittel/Fertiggerichte/Gerichte-zum-Anruehren/Maggi-Wirtshaus-Makkaroni-mit-dreierlei-Kaese-170G.html,https://www.edeka24.de/out/pictures/generated/product/1/540_540_90/maggiwirtshausmakkaroni.jpg
3471,Lebensmittel,Fertiggerichte,Gerichte zum Anrühren,Yum Yum Instantnudeln Ente 60G,"0,79 €","13,17 €/kg","inkl. MwSt., zzgl. 4.95 € Versandkosten.",lieferbar innerhalb von 2-5 Werktagen,2023-05-03 02:10:09.314457,Instant Nudeln mit Entengeschmack,,"Verantwortliches Lebensmittelunternehmen:
Heuschen & Schrouff Oriental Foods, P.O. Box 30202, 6370 KE, Landgraaf, Netherlands.","Zutatenverzeichnis: WEIZENMEHL, Palmöl (enthält Antioxidationsmittel: E319, E320), Tapiokastärke, Salz, Gemüse (Knoblauch, Zwiebel, Karotte, Frühlingszwiebel), Zucker, Geschmacksverstärker: E621, E631, E627, Aroma (enthält SELLERIE, SOJAMEHL), Säureregulatoren: E500, E452, E451, Kaffeeweißer (Glukosesirup, gehärtetes Palmkernöl, MILCHEIWEIß, Säureregulator: E340, Emulgator: E471), SOJASAUCENPULVER (SOJABOHNEN, Farbstoff: E150c, Säuerungsmittel: E330, Palmöl), Maltodextrin, getrockneter Seetang, gemahlener Pfeffer, Säuerungsmittel: E296, Farbstoff: E150c, Verdickungmittel: E466, Hefeextrakt, Trennmittel: E551.",480,2014,21,10,64,"3,2",8,"4,5",https://www.edeka24.de/Lebensmittel/Fertiggerichte/Gerichte-zum-Anruehren/Yum-Yum-Instantnudeln-Ente-60G.html,https://www.edeka24.de/out/pictures/generated/product/1/540_540_90/yum_yuminstantnudeln_ente_60g.jpg
3472,Lebensmittel,Fertiggerichte,Gerichte zum Anrühren,Maggi Wirtshaus Käse-Spätzle mit Röstzwiebeln 119G,"1,69 €","14,20 €/kg","inkl. MwSt., zzgl. 4.95 € Versandkosten.",lieferbar innerhalb von 2-5 Werktagen,2023-05-03 02:10:13.029627,-,Hinweis zur Aufbewahrung: Trocken lagern und vor Wärme schützen.,"Verantwortliches Lebensmittelunternehmen:
Maggi GmbH, 78221 Singen (Hohentwiel)","Zutatenverzeichnis: 79% EIERSPÄTZLE (HARTWEIZENGRIESS, EIER), 5,1% SCHMELZKÄSE, Stärke, Sonnenblumenöl, 2,5% Röstzwiebeln (Zwiebeln, Sonnenblumenöl), Jodsalz, Gewürze (Zwiebeln, Muskatnuss, Pfeffer, Kurkuma), Hefeextrakt, Aromen (mit WEIZEN, MILCH), Zwiebeln, Glukosesirup, MOLKENERZEUGNIS, MILCHEIWEISS, Säuerungsmittel Citronensäure. Kann SELLERIE, SENF und SOJA enthalten.",460,109,"2,4","0,8","16,9","0,9","4,2","0,8",https://www.edeka24.de/Lebensmittel/Fertiggerichte/Gerichte-zum-Anruehren/Maggi-Wirtshaus-Kaese-Spaetzle-mit-Roestzwiebeln-119G.html,https://www.edeka24.de/out/pictures/generated/product/1/540_540_90/maggi_wh_kaesespaetzle_119g.jpg
3473,Lebensmittel,Fertiggerichte,Gerichte zum Anrühren,Knorr Spaghetteria Spinaci 160G,"1,49 €","9,31 €/kg","inkl. MwSt., zzgl. 4.95 € Versandkosten.",lieferbar innerhalb von 2-5 Werktagen,2023-05-03 02:10:16.170888,Pasta in Spinat-Käse-Sahne-Sauce,,"Verantwortliches Lebensmittelunternehmen:
Unilever Deutschland, Postfach 570237, 22771 Hamburg","Zutatenverzeichnis: 78% Nudeln (HARTWEIZENGRIESS), 4,8% Schmelzkäsepulver (KÄSE, MOLKENERZEUGNIS), 4,4% RAHMPULVER, Reismehl, 2% Spinat², jodiertes Speisesalz, Sonnenblumenöl, Palmöl, Zucker, Hefeextrakt, Aromen (mit MILCH), Kochsalzersatz³, Gewürze (Knoblauch², Kurkuma), MILCHZUCKER, Glukosesirup, MILCHEIWEISS, Speisesalz. Kann andere GLUTENHALTIGE GETREIDE, EI, SOJA, SELLERIE und SENF enthalten. ²aus nachhaltigemAnbau ³gewonnen aus natürlichen Kaliummineralien.",424,100,"2,4","1,1",16,"1,3","3,2","0,64",https://www.edeka24.de/Lebensmittel/Fertiggerichte/Gerichte-zum-Anruehren/Knorr-Spaghetteria-Spinaci-160G.html,https://www.edeka24.de/out/pictures/generated/product/1/540_540_90/knorr_spaghetteria_spinaci_160g(1).jpg
3474,Lebensmittel,Fertiggerichte,Gerichte zum Anrühren,Knorr Activ Veggie Penne mit Broccoli 146G,"1,49 €","10,21 €/kg","inkl. MwSt., zzgl. 4.95 € Versandkosten.",lieferbar innerhalb von 2-5 Werktagen,2023-05-03 02:10:19.121939,Penne mit Broccoli und Frühlingskräutern,,"Verantwortliches Lebensmittelunternehmen:
Unilever Deutschland, Postfach 570237, 22771 Hamburg","Zutatenverzeichnis: 72% Nudeln (HARTWEIZENGRIESS, WEIZENMEHL), Sonnenblumenöl, Palmöl, Stärke, 2,7% Broccoli², Hefeextrakt, jodiertes Speisesalz, MILCHZUCKER, MILCHEIWEISS, Glukosesirup, Zwiebeln², Blumenkohl², Speisesalz, Lauch², Maltodextrin, Kräuter (Schnittlauch², Petersilie), Spinat², Säuerungsmittel (Citronensäure), Gemüsesaftkonzentrat (Steckrübe, Wirsing), Muskatnuss, Pfeffer, Curcuma. Kann andere GLUTENHALTIGE GETREIDE, EI, SOJA, SELLERIE und SENF enthalten. ²aus nachhaltigem Anbau.",411,98,3,"0,9",15,"1,1","2,7","0,58",https://www.edeka24.de/Lebensmittel/Fertiggerichte/Gerichte-zum-Anruehren/Knorr-Activ-Veggie-Penne-mit-Broccoli-146G.html,https://www.edeka24.de/out/pictures/generated/product/1/540_540_90/knorr_activ_veggie_penne_mit_broccoli_146g.jpg
3475,Lebensmittel,Fertiggerichte,Gerichte zum Anrühren,Knorr Pasta Snack Käse-Sahne-Sauce 71G,"1,59 €","22,39 €/kg","inkl. MwSt., zzgl. 4.95 € Versandkosten.",lieferbar innerhalb von 2-5 Werktagen,2023-05-03 02:10:22.422995,-,,"Verantwortliches Lebensmittelunternehmen:
Unilever Deutschland Holding GmbH, Am Strandkai 1 , D-20457 Hamburg","Zutatenverzeichnis: 58% HARTWEIZENGRIESSTEIGWAREN, 12% SAHNEPULVER, Kartoffelstärke, 5% Schmelzkäse (BLAUSCHIMMELKÄSE, HARTKÄSE, Crescenza - WEICHKÄSE, MOLKENERZEUGNIS), Palmöl, Glukosesirup, 2% Speck geräuchert (Schweinefleisch, Speisesalz, Rauch), Meersalz, Zucker, Schnittlauch, Aromen, MILCHEIWEISS, Kochsalzersatz³, Hefeextrakt, geräuchertes Speckfett (Speck, Speisesalz, Rauch), geröstetes Zwiebelpulver, Curcuma. ³gewonnen aus natürlichen Kaliummineralien. Kann Spuren von EI und SELLERIE enthalten.",116,500,5,3,15,"0,9","3,2","0,79",https://www.edeka24.de/Lebensmittel/Fertiggerichte/Gerichte-zum-Anruehren/Knorr-Pasta-Snack-Kaese-Sahne-Sauce-71G.html,https://www.edeka24.de/out/pictures/generated/product/1/540_540_90/knorr_pasta_snack_ksesahnesauce.jpg
3476,Lebensmittel,Fertiggerichte,Gerichte zum Anrühren,Knorr Spaghetteria Pomodoro Mozzarella 163G,"1,49 €","9,14 €/kg","inkl. MwSt., zzgl. 4.95 € Versandkosten.",lieferbar innerhalb von 2-5 Werktagen,2023-05-03 02:10:30.001206,Pasta in Tomaten-Mozzarella-Sauce,,"Verantwortliches Lebensmittelunternehmen:
Unilever Deutschland, Postfach 570237, 22771 Hamburg","Zutatenverzeichnis: 72% Nudeln (HARTWEIZENGRIESS, WEIZENMEHL), 11% Tomatenpulver², Stärke, Zucker, 3,4% Schmelzkäsepulver (1,5% MOZZARELLA-KÄSE, KÄSE, MOLKENERZEUGNIS), jodiertes Speisesalz, Hefeextrakt, Palmöl, Zwiebeln², Gewürze (Knoblauch², Pfeffer), Kräuter (Petersilie, Thymian², Rosmarin², Salbei²), Speisesalz. Kann andere GLUTENHALTIGE GETREIDE, EI, SOJA, SELLERIE und SENF enthalten. ²aus nachhaltigem Anbau.",391,94,"0,8","0,3",18,"3,1","2,9","0,61",https://www.edeka24.de/Lebensmittel/Fertiggerichte/Gerichte-zum-Anruehren/Knorr-Spaghetteria-Pomodoro-Mozzarella-163G.html,https://www.edeka24.de/out/pictures/generated/product/1/540_540_90/knorr_spaghetteria_pomodoro_mozzarella_163g.jpg
3477,Lebensmittel,Fertiggerichte,Gerichte zum Anrühren,Knorr Spaghetteria Bolognese 160G,"1,49 €","9,31 €/kg","inkl. MwSt., zzgl. 4.95 € Versandkosten.",lieferbar innerhalb von 2-5 Werktagen,2023-05-03 02:10:35.436438,Pasta in Fleisch-Tomaten-Sauce,,"Verantwortliches Lebensmittelunternehmen:
Unilever Deutschland, Postfach 570237, 22771 Hamburg","Zutatenverzeichnis: 67% Nudeln (HARTWEIZENGRIESS, WEIZENMEHL), 6,8% Tomatenpulver², pflanzliche Öle (Palm, Sonnenblumen), 2,9% Rindfleischgranulat (2,3% Rindfleisch, Speisesalz, Maltodextrin, EIKLARPULVER), Zucker, Aromen, 2,5% Tomaten², 2,2% Zwiebeln², Stärke, Hefeextrakt, Karotten², Kräuter (Basilikum², Oregano², Petersilie², Rosmarin²), jodiertes Speisesalz, Kochsalzersatz³, Lauch², KNOLLENSELLERIE², Knoblauch², Speisesalz, Gemüsepaprika², Zwiebelsaftkonzentrat², Pfeffer. Kann andere GLUTENHALTIGE GETREIDE, MILCH, SOJA und SENF enthalten. ²aus nachhaltigem Anbau. ³gewonnen aus natürlichen Kaliummineralien.",404,97,"1,8","0,9",16,"2,9","3,2","0,54",https://www.edeka24.de/Lebensmittel/Fertiggerichte/Gerichte-zum-Anruehren/Knorr-Spaghetteria-Bolognese-160G-oxid.html,https://www.edeka24.de/out/pictures/generated/product/1/540_540_90/knorr_spaghetteria_bolognese_160g.jpg
3478,Lebensmittel,Fertiggerichte,Gerichte zum Anrühren,Knorr Hüttenschmaus Emmentaler Makkaroni 151G,"1,69 €","11,19 €/kg","inkl. MwSt., zzgl. 4.95 € Versandkosten.",lieferbar innerhalb von 2-5 Werktagen,2023-05-03 02:10:39.929397,-,,"Verantwortliches Lebensmittelunternehmen:
Unilever Deutschland Holding GmbH, Am Strandkai 1 , D-20457 Hamburg","Zutatenverzeichnis: 75% Nudeln (HARTWEIZENGRIESS), Palmöl, Stärke, 3% Schmelzkäsepulver (1,5% EMMENTALER-KÄSE, KÄSE, MOLKENERZEUGNIS), 2,3% Zwiebeln², Maltodextrin, Speisesalz, Glukosesirup, Aromen, jodiertes Speisesalz, Hefeextrakt, MILCHEIWEISS, Champignonsaftkonzentrat, Zucker, Petersilie, Knoblauch², Kurkuma, Weißweinextrakt, Farbstoff (Paprikaextrakt). Kann andere GLUTENHALTIGE GETREIDE, EI, SOJA, SELLERIE und SENF enthalten. ²aus nachhaltigem Anbau.",486,115,"2,6","1,4",19,"1,2","3,5","0,86",https://www.edeka24.de/Lebensmittel/Fertiggerichte/Gerichte-zum-Anruehren/Knorr-Huettenschmaus-Emmentaler-Makkaroni-151G.html,https://www.edeka24.de/out/pictures/generated/product/1/540_540_90/knorremmemakk.jpg
3479,Lebensmittel,Fertiggerichte,Gerichte zum Anrühren,Yum Yum Instantnudeln vegetarisch 60G,"0,79 €","13,17 €/kg","inkl. MwSt., zzgl. 4.95 € Versandkosten.",lieferbar innerhalb von 2-5 Werktagen,2023-05-03 02:10:43.963788,Instantnudeln mit Gemüsegeschmack,Hinweis zur Aufbewahrung: bei Raumtemperatur trocken lagern,"Verantwortliches Lebensmittelunternehmen:
Kreyenhop & Kluge GmbH & Co. KG, Industriestraße 40-42, 28876 Oyten, Germany","Zutatenverzeichnis: WEIZENMEHL, Palmöl (Antioxidationsmittel: tert.-Butylhydrochinon (E319), Butylhydroxyanisol (BHA) (E320)), Tapiokastärke, Salz, Gemüse (Knoblauch, Zwiebel, Karotte, Frühlingszwiebel), Zucker, Geschmacksverstärker: Mononatriumglutamat (E621), Dinatriuminosinat (E631), Dinatriumguanylat (E627); Aroma (SELLERIE, SOJAMEHL), Säureregulatoren: Natriumcarbonate (E500), Polyphosphate (E452), Triphosphate (E451); Kaffeeweißer (Glukosesirup, gehärtetes Palmkernöl, MILCHEIWEIß, Säureregulator: Kaliumphosphate (Monokaliumphosphat, Dikaliumphosphat, Trikaliumphosphat) (E340); Emulgator: Mono- und Diglyceride von Speisefettsäuren (E471)), SOJASAUCENPULVER (SOJABOHNEN, Farbstoff: Ammoniak-Zuckerkulör (E150c); Säuerungsmittel: Citronensäure (E330); Palmöl), Maltodextrin, getrockneter Seetang, gemahlener Pfeffer, Säuerungsmittel: Apfelsäure (E296); Farbstoff: Ammoniak-Zuckerkulör (E150c); Verdickungsmittel: Carboxymethylcellulose (Natrium-Carboxymethylcellulose, Cellulosegummi) (E466); Hefeextrakt, Trennmittel: Siliciumdioxid (E551). Kann Spuren von KREBSTIEREN, FISCH, SESAMSAMEN und SCHWEFELDIOXID enthalten.",2014,480,21,10,64,"3,2",8,"4,5",https://www.edeka24.de/Lebensmittel/Fertiggerichte/Gerichte-zum-Anruehren/Yum-Yum-Instantnudeln-vegetarisch-60G.html,https://www.edeka24.de/out/pictures/generated/product/1/540_540_90/yum_yum_instantnudeln_vegetarisch_60g.jpg
3480,Lebensmittel,Fertiggerichte,Gerichte zum Anrühren,Maggi Magic Asia Gebratene Nudeln Ente 119G,"1,69 €","14,20 €/kg","inkl. MwSt., zzgl. 4.95 € Versandkosten.",lieferbar innerhalb von 2-5 Werktagen,2023-05-03 02:10:48.523804,-,Hinweis zur Aufbewahrung: Trocken lagern und vor Wärme schützen.,"Verantwortliches Lebensmittelunternehmen:
Maggi GmbH, 78221 Singen (Hohentwiel)","Zutatenverzeichnis: 85,7% Nudeln (HARTWEIZENGRIESS, EIER), Gemüse (Zwiebeln, Karotten, 0,7% Weißkraut, Lauch, Paprika), Jodsalz, Aromen (mit GERSTE, EI), 0,8% Entenfleisch, Hühnerfett, Zucker, Gewürze, Palmfett, pflanzliches Eiweiß, biologisch aufgeschlossen (WEIZENEIWEISS, Salz), Maltodextrin, Hefeextrakt, Säuerungsmittel Citronensäure, Antioxidationsmittel (Butylhydroxyanisol, Propylgallat, Citronensäure, Extrakt aus Rosmarin), Farbstoff Ammoniak-Zuckerlikör. SPUREN: SOJA, MILCH, SELLERIE, SENF",207,878,"5,6","0,8","31,7","1,7","6,2","1,5",https://www.edeka24.de/Lebensmittel/Fertiggerichte/Gerichte-zum-Anruehren/Maggi-Magic-Asia-Gebratene-Nudeln-Ente-119G.html,https://www.edeka24.de/out/pictures/generated/product/1/540_540_90/maggi_magic_asia_gebratene_nudeln_ente_119g.jpg
3481,Lebensmittel,Fertiggerichte,Gerichte zum Anrühren,Maggi Magic Asia Gebratene Nudeln Thai Curry scharf 130G,"1,69 €","13,00 €/kg","inkl. MwSt., zzgl. 4.95 € Versandkosten.",lieferbar innerhalb von 2-5 Werktagen,2023-05-03 02:10:51.965039,"Gebratene Nudeln, thailändisch scharf gewürzt",Hinweis zur Aufbewahrung: Trocken lagern und vor Wärme schützen.,"Verantwortliches Lebensmittelunternehmen:
Maggi GmbH, 78221 Singen (Hohentwiel)","Zutatenverzeichnis: 77,7 % Nudeln (WEIZENMEHL, EIER), 4,3 % Gewürze (Knoblauch, Koriander, Chili, Kreuzkümmel, Kurkuma, Ingwer, Pfeffer), Zucker, Jodsalz (Salz, Kaliumjodat), Karotten, Lauch, grüne Paprika, Spinat, Aroma (mit WEIZEN, SENFÖL), SOJASAUCENPULVER (SOJABOHNEN, Salz, WEIZEN), MAGERMILCHPULVER, Kartoffelstärke, Palmfett, Kräuter (Korianderblätter, Basilikum), Hefeextrakt, MILCHZUCKER, Würze (aus WEIZEN), Salz, MILCHEIWEISSERZEUGNIS, Säuerungsmittel Citronensäure. Kann SELLERIE und SENF enthalten.",829,192,"4,7","0,9","31,2","3,3","5,2","1,6",https://www.edeka24.de/Lebensmittel/Fertiggerichte/Gerichte-zum-Anruehren/Maggi-Magic-Asia-Gebratene-Nudeln-Thai-Curry-scharf-130G.html,https://www.edeka24.de/out/pictures/generated/product/1/540_540_90/maggigebnudthai.jpg
3482,Lebensmittel,Fertiggerichte,Gerichte zum Anrühren,Maggi Magic Asia Nudel Snack Duck Taste 62G,"0,99 €","15,97 €/kg","inkl. MwSt., zzgl. 4.95 € Versandkosten.",lieferbar innerhalb von 2-5 Werktagen,2023-05-03 02:10:56.000971,Nudelsnack Geschmack: Ente,Hinweis zur Aufbewahrung: Trocken lagern und vor Wärme schützen.,"Verantwortliches Lebensmittelunternehmen:
Maggi GmbH, Julius-Bührer-Strasse 8, 78224 Singen","Zutatenverzeichnis: 88,7% Nudeln [WEIZENMEHL, Sonnenblumenöl, Salz, Säureregulator (Kaliumcarbonat, Natriumcarbonat), Stabilisator Polyphosphate, Verdickungsmittel Guarkernmehl, Farbstoff Riboflavine], Salz, Aromen, Gewürze (Knoblauch, Zwiebeln, Chili, schwarzer Pfeffer, Paprika, Koriander, Ingwer), Karotten, Lauch, Zucker, Hefeextrakt, karamellisierter Zucker, Palmfett. Kann SELLERIE, EIER, MILCH, SENF, SESAM, SOJA und NÜSSE enthalten.",322,77,"3,1","<0,5","10,1","0,3","1,7",1,https://www.edeka24.de/Lebensmittel/Fertiggerichte/Gerichte-zum-Anruehren/Maggi-Magic-Asia-Nudel-Snack-Duck-Taste-62G.html,https://www.edeka24.de/out/pictures/generated/product/1/540_540_90/maggi_magic_asia_nudel_snack_instant_ente_62g.jpg
3483,Lebensmittel,Fertiggerichte,Gerichte zum Anrühren,Nissin Cup Noodles Soba Sukiyaki Beef 89G,"1,89 €","21,24 €/kg","inkl. MwSt., zzgl. 4.95 € Versandkosten.",lieferbar innerhalb von 2-5 Werktagen,2023-05-03 02:10:59.904436,Instant Weizennudeln mit Würzsauce Sukiyaki-Rindfleisch-Geschmack,,"Verantwortliches Lebensmittelunternehmen:
Nissin Foods Kft, Momok u. 4., 6000 Keskemét, Ungarn","Zutatenverzeichnis: Nudeln 72,4% [WEIZENMEHL, Palmöl, Salz, Geschmacksverstärker E621, Mehlbehandlungsmittel (E500, E451), Antioxidationsmittel E306, Säureregulator: Citronensäure], Würzsauce 21,1% [SOJASAUCE (Wasser, SOJABOHNEN, Salz, WEIZEN), Zucker, Rapsöl, Dextrose, Geschmacksverstärker (E621, E635), Rinderfett, Zwiebelpulver, hydrolysiertes Pflanzenprotein, Aromen, Farbstoff: Zuckerkulör, modifizierte Stärke], Zwiebel, Rindfleisch 1,2%, Karotten, Frühlingszwiebeln. Kann Spuren von SELLERIE, KREBSTIEREN, FISCH, MILCH, WEICHTIEREN, SENF und SESAM enthalten.",921,220,"10,7","4,8","24,9","4,3","4,6","1,9",https://www.edeka24.de/Lebensmittel/Fertiggerichte/Gerichte-zum-Anruehren/Nissin-Cup-Noodles-Soba-Sukiyaki-Beef-89G.html,https://www.edeka24.de/out/pictures/generated/product/1/540_540_90/nissin_soba_cup_sukiyaki_beef_89g.jpg
3484,Lebensmittel,Fertiggerichte,Gerichte zum Anrühren,Delverde Spaghetti mit Tomatensauce 4 Portionen 549G,"2,69 €","4,90 €/kg","inkl. MwSt., zzgl. 4.95 € Versandkosten.",lieferbar innerhalb von 2-5 Werktagen,2023-05-03 02:11:03.294403,Teigwaren mit Komponenten zur Herstellung einer würzigen Tomatensauce und geriebenem getrockneten Hartkäse.,Hinweis zur Aufbewahrung: Trocken und vor Wärme geschützt lagern.,"Verantwortliches Lebensmittelunternehmen:
Euco GmbH, 22291 Hamburg","Zutatenverzeichnis: 65,6% Teigware (HARTWEIZENGRIEẞ), 27,3% Tomatenmark doppelt konzentriert, 4,4% Würzmischung (jodiertes Speisesalz [Speisesalz, Kaliumjodat], Zucker, getrocknete Zwiebeln, WEIZENMEHL, Maltodextrin, Kräuter, Gewürze, Knoblauchpulver, färbendes Lebensmittel: Rote Beete-Pulver; Gewürzextrakte), 2,7% geriebener getrockneter Hartkäse (MILCH, Speisesalz, Lab, Konservierungsstoff: Lysozym [enthält EI]). Die Teigware kann Spuren von EI, SENF, SOJA und LUPINE enthalten.",562,133,"2,3","1,4",22,"1,9","4,6","1,1",https://www.edeka24.de/Lebensmittel/Fertiggerichte/Gerichte-zum-Anruehren/Delverde-Spaghetti-mit-Tomatensauce-4-Portionen-549G.html,https://www.edeka24.de/out/pictures/generated/product/1/540_540_90/delverde_4portionen_spaghettigericht_549g.jpg
3485,Lebensmittel,Fertiggerichte,Gerichte zum Anrühren,Yum Yum Instantnudeln Shrimps 60G,"0,79 €","13,17 €/kg","inkl. MwSt., zzgl. 4.95 € Versandkosten.",lieferbar innerhalb von 2-5 Werktagen,2023-05-03 02:11:06.609741,Instant Nudeln mit Garnelengeschmack,Hinweis zur Aufbewahrung: Bei Raumtemperatur trocken lagern.,"Verantwortliches Lebensmittelunternehmen:
Kreyenhop & Kluge GmbH & Co. KG, Industriestraße 40-42, 28876 Oyten, Germany","Zutatenverzeichnis: WEIZENMEHl, Palmöl (enthält Antioxidationsmittel: E319, E320), Tapiokastärke, Salz, Zucker, Gemüse (Zwiebel, Knoblauch, Frühlingszwiebeln), Gewürze und Kräuter (Chili, Galgant, Zitronengras), Geschmacksverstärker: Mononatriumglutamat (E621), Dinatriuminosinat (E631), Dinatriumguanylat (E627); Säuerungsmittel: Apfelsäure (E296); Grüner Tee-Extrakt (Oligosaccharides, Tee-Catechin, Säuerungsmittel: E330), Sojasaucenpulver (SOJAbohnen, Glucosesirup, Maltodextrin, Farbstoff: Ammoniak-Zuckerkulör (E150c)), Säureregulatoren: Natriumcarbonate (E500), Polyphosphate (E452), Triphosphate (E451); Maltodextrin, Maisstärke, GARNELEN 0.20%, Fischsauce (SARDELLENextrakt, Salz), Trennmittel: Siliciumdioxid (E551); Aroma, Verdickungsmittel: Carboxymethylcellulose (Natrium-Carboxymethylcellulose, Cellulosegummi) (E466); Hefeextrakt, Farbstoff: Paprikaextrakt (Capsanthin, Capsorubin) (E160c). Kann Spuren von MILCH, SESAMSAMEN, SCHWEFELDIOXID und SELLERIE enthalten.",472,1978,19,"8,7",65,"6,1","7,7","5,5",https://www.edeka24.de/Lebensmittel/Fertiggerichte/Gerichte-zum-Anruehren/Yum-Yum-Instantnudeln-Shrimps-60G.html,https://www.edeka24.de/out/pictures/generated/product/1/540_540_90/yum_yum_instantnudeln_shrimps_60g.jpg
3486,Lebensmittel,Fertiggerichte,Gerichte zum Anrühren,Knorr Veggie Muschelnudeln mit Frühlingsgemüse in Kräutersauce 155G,"1,49 €","9,61 €/kg","inkl. MwSt., zzgl. 4.95 € Versandkosten.",lieferbar innerhalb von 2-5 Werktagen,2023-05-03 02:11:10.066000,-,,"Verantwortliches Lebensmittelunternehmen:
Unilever Deutschland, Postfach 570 237, 22771 Hamburg","Zutatenverzeichnis: 69% HARTWEIZENGRIESSTEIGWAREN, 11% Gemüse (3% Karotten¹, 3% Zwiebeln¹, 2% grüne Erbsen¹, 1,6% Frühlingszwiebeln, Zucchini¹, SELLERIE¹, Broccoli¹, Spinat¹), Palmöl, SAHNEPULVER, jodiertes Speisesalz, Kartoffelstärke, Glukosesirup, Hefeextrakt, MILCHEIWEISS, Kochsalzersatz², Petersilie¹, Säuerungsmittel (Citronensäure), Curcuma, Liebstöckel, SELLERIESAMEN, Maltodextrin. ²gewonnen aus natürlichen Kaliummineralien. Kann Spuren von EI, SOJA und SENF enthalten. ¹Aus nachhaltigem Anbau.",117,494,"3,4","1,9",18,"1,7","3,3","0,78",https://www.edeka24.de/Lebensmittel/Fertiggerichte/Gerichte-zum-Anruehren/Knorr-Veggie-Muschelnudeln-mit-Fruehlingsgemuese-in-Kraeutersauce-155G.html,https://www.edeka24.de/out/pictures/generated/product/1/540_540_90/knorr_veggie_pasta_mit_sommergemamp252se_155g.jpg
3487,Lebensmittel,Fertiggerichte,Gerichte zum Anrühren,Gallo Risotto Pronto a la Milanese mit Safran 210G,"3,29 €","15,67 €/kg","inkl. MwSt., zzgl. 4.95 € Versandkosten.",lieferbar innerhalb von 2-5 Werktagen,2023-05-03 02:11:13.629397,-,Hinweis zur Aufbewahrung: Kühl und trocken lagern.,"Verantwortliches Lebensmittelunternehmen:
Riso Gallo SpA Viale Riccardo Preve 4 27038 Robbio (PV)","Zutatenverzeichnis: Parboiled Reis 91%, Kartoffelmehl, Maltodextrin, SCHMELZKÄSE (mit Stabilisator: E339), Reisstärke, Zwiebel, Zucker, Hefeextrakt, Kochsalz, Aromen (enthält MILCH), Safran 0,03%. Produziert in einem Werk, in dem auch GLUTENHALTIGES GETREIDE, SCHALENFRÜCHTE, SOJA, MILCH, FISCHE, SCHALEN- und KRUSTENTIERE sowie daraus hergestellte Produkte verarbeitet werden. Enthält Spuren von diesen Stoffen.",1460,344,"0,9","0,3","76,6","1,2","6,8","2,3",https://www.edeka24.de/Lebensmittel/Fertiggerichte/Gerichte-zum-Anruehren/Gallo-Risotto-Pronto-a-la-Milanese-mit-Safran-210G.html,https://www.edeka24.de/out/pictures/generated/product/1/540_540_90/rgrisotto_pronsafran_210g.jpg
3488,Lebensmittel,Fertiggerichte,Gerichte zum Anrühren,Maggi Magic Asia Gebratene Nudeln Huhn 121G,"1,69 €","13,97 €/kg","inkl. MwSt., zzgl. 4.95 € Versandkosten.",lieferbar innerhalb von 2-5 Werktagen,2023-05-03 02:11:17.969677,-,Hinweis zur Aufbewahrung: Trocken lagern und vor Wärme schützen.,"Verantwortliches Lebensmittelunternehmen:
Maggi GmbH, 78221 Singen (Hohentwiel)","Zutatenverzeichnis: 82,6% Nudeln (HARTWEIZENGRIESS, EIER), 5% Gemüse (Zwiebeln, Karotten, Weißkraut, Lauch, roter Paprika), Aromen (mit WEIZEN, GERSTE, SENFÖL), Zucker, Jodsalz, Gewürze (Knoblauch, Chili, Zwiebeln, Kurkuma, Ingwer, Koriander, Kreuzkümmel, Paprika, SENFKÖRNER, SELLERIE, Bockshornklee, Pfeffer, Kardamom, Liebstöckel, Lorbeer, Kümmel, Dill), 0,8% Hühnerfleisch, Hühnerfett, Hefeextrakt, Würze (aus WEIZEN), Salz, Sonnenblumenöl, Palmfett, Stärke, Säuerungsmittel Citronensäure, Antioxidationsmittel (Alpha-Tocopherol**, Ascorbylpalmitat***, Rosmarinextrakt). Kann MILCH und SOJA enthalten. **Ist eine Form des Vitamin E und macht Hühnerfleisch haltbar. ***Wird aus Vitamin C und Speisefettsäuren hergestellt und macht Hühnerfleisch haltbar.",770,182,"4,6","0,7","26,4",2,"6,3","1,3",https://www.edeka24.de/Lebensmittel/Fertiggerichte/Gerichte-zum-Anruehren/Maggi-Magic-Asia-Gebratene-Nudeln-Huhn-121G.html,https://www.edeka24.de/out/pictures/generated/product/1/540_540_90/maggi_magic_asia_gebratene_nudeln_huhn_121g.jpg
3489,Lebensmittel,Fertiggerichte,Gerichte zum Anrühren,Knorr Asia Gebratene Nudeln Gemüse 125G,"1,49 €","11,92 €/kg","inkl. MwSt., zzgl. 4.95 € Versandkosten.",lieferbar innerhalb von 2-5 Werktagen,2023-05-03 02:11:21.847920,Gebratene Nudeln mit Gemüse,,"Verantwortliches Lebensmittelunternehmen:
Unilever Deutschland, Postfach 57 05 50, 22774 Hamburg","Zutatenverzeichnis: 82% Nudeln chinesischer Art (WEIZENMEHL, EIER, Speisesalz, Stabilisator Kaliumcarbonate), Zucker, Aromen, 1,8% Karotten², 1,5% Zwiebeln², Speisesalz, Kräuter (Kaffirlimettenblätter, Zitronengras, Korianderblätter²), 1,4% Lauch², Reismehl, 0,9% Gemüsepaprika², Hefeextrakt, Ingwer, Knoblauch², Erbsen², Galgant, Chili, Farbstoff (Paprikaextrakt), Petersilienwurzel². Kann MILCH, SELLERIE, SENF, SOJA, andere GLUTENHALTIGE GETREIDE enthalten. ²aus nachhaltigem Anbau.",490,116,"3,6","0,5",17,"1,7","3,5","0,85",https://www.edeka24.de/Lebensmittel/Fertiggerichte/Gerichte-zum-Anruehren/Knorr-Asia-Gebratene-Nudeln-Gemuese-125G.html,https://www.edeka24.de/out/pictures/generated/product/1/540_540_90/knorr_asia_gebratene_nudeln_gemamp252se_125g.jpg
3490,Lebensmittel,Fertiggerichte,Gerichte zum Anrühren,Knorr Asia Gebratene Nudeln Huhn 121G,"1,49 €","12,31 €/kg","inkl. MwSt., zzgl. 4.95 € Versandkosten.",lieferbar innerhalb von 2-5 Werktagen,2023-05-03 02:11:25.064285,Gebratene Nudeln Huhn,,"Verantwortliches Lebensmittelunternehmen:
Unilever Deutschland, Postfach 57 05 50, 22774 Hamburg","Zutatenverzeichnis: 82% Nudeln chinesischer Art (WEIZENMEHL, EIER, Speisesalz, Stabilisator Kaliumcarbonate), Zucker, Aromen (mit EI), Karotten², Speisesalz, 1,4% Kräuter (Kaffirlimettenblätter, Zitronengras, Korianderblätter²), Zwiebeln², Lauch², Hefeextrakt, Reismehl, 0,8% Hühnerfleisch, Ingwer, 0,7% Knoblauch², Gemüsepaprika², Galgant, Palmöl, Chili, Hühnerfett, Antioxidationsmittel (Ascorbylpalmitat, Alpha-Tocopherol, Extrakte aus Rosmarin, Citronensäure), Farbstoff Paprikaextrakt, Petersilienwurzelpulver². Kann andere GLUTENHALTIGE GETREIDE, MILCH, SOJA, SELLERIE und SENF enthalten. ²aus nachhaltigem Anbau.",484,115,"3,7","0,5",17,"1,6","3,5","0,83",https://www.edeka24.de/Lebensmittel/Fertiggerichte/Gerichte-zum-Anruehren/Knorr-Asia-Gebratene-Nudeln-Huhn-121G.html,https://www.edeka24.de/out/pictures/generated/product/1/540_540_90/knorrgebnudhuihn.jpg
3491,Lebensmittel,Fertiggerichte,Gerichte zum Anrühren,Mama Instantnudeln Huhn 55G,"0,89 €","16,18 €/kg","inkl. MwSt., zzgl. 4.95 € Versandkosten.",lieferbar innerhalb von 2-5 Werktagen,2023-05-03 02:11:28.072889,-,,"Verantwortliches Lebensmittelunternehmen:
Kreyenhop & Kluge GmbH & Co. KG, DE-28876","Zutatenverzeichnis: WEIZENMEHL, Palmöl, Salz, Gewürze (Knoblauch, Pfeffer), Zucker, Geschmacksverstärker: Mononatriumglutamat (E621), Dinatrium-5′-ribonucleotid (E635); Chilipulver, getrocknete Frühlingszwiebeln, Aroma (0,19%), Farbstoff: Zuckerkulör (E150A); Säureregulatoren: Natriumcarbonate (E500), Kaliumcarbonate (E501), Triphosphate (E451); Verdickungsmittel: Carboxymethylcellulose (Natrium-Carboxymethylcellulose, Cellulosegummi) (E466); Sojasauce (SOJABOHNEN, Wasser, Salz), Säuerungsmittel: Citronensäure (E330).Kann Spuren von KREBSTIERE, EIER, FISCH, MILCH, SESAMSAMEN und SELLERIE enthalten.",254,61,"2,6","1,4","8,1","0,7","1,2","0,8",https://www.edeka24.de/Lebensmittel/Fertiggerichte/Gerichte-zum-Anruehren/Mama-Instantnudeln-Huhn-55G.html,https://www.edeka24.de/out/pictures/generated/product/1/540_540_90/mama_instantnudeln_huhn_55g.jpg
3492,Lebensmittel,Fertiggerichte,Gerichte zum Anrühren,Knorr Asia Noodles Huhn 70G,"0,69 €","9,86 €/kg","inkl. MwSt., zzgl. 4.95 € Versandkosten.",lieferbar innerhalb von 2-5 Werktagen,2023-05-03 02:11:31.002472,Instant-Nudelsnack mit Hühnerfleischgeschmack,,"Verantwortliches Lebensmittelunternehmen:
Unilever Deutschland Holding GmbH, Am Strandkai 1 , D-20457 Hamburg","Zutatenverzeichnis: 89% Nudeln asiatischer Art (WEIZENMEHL, Palmöl, Speisesalz, modifizierte Stärke, Zucker, Rapsöl, Curcumaextrakt), 11% Würzmischung (Kochsalzersatz4, Aromen (mit EI), Zwiebeln³, Glukosesirup, Stärke, Zucker, 0,6% Gewürze (Knoblauch, Ingwer, Koriander, Curcuma, Cayennepfeffer), Hefeextrakt, Palmöl, Hühnerfett, Speisesalz, Sonnenblumenöl, Lauch³, Gemüsesaftkonzentrate³ (SELLERIE, Karotte, Lauch, Zwiebel), Antioxidationsmittel (Extrakt aus Rosmarin)). Kann andere GLUTENHALTIGE GETREIDE, MILCH, SOJA und SENF enthalten. ³aus nachhaltigem Anbau 4 gewonnen aus natürlichen Kaliummineralien",395,94,"4,3","2,1",12,"0,5","1,6","0,78",https://www.edeka24.de/Lebensmittel/Fertiggerichte/Gerichte-zum-Anruehren/Knorr-Asia-Noodles-Huhn-70G.html,https://www.edeka24.de/out/pictures/generated/product/1/540_540_90/knorr_asia_noodles_huhn_70g.jpg
3493,Lebensmittel,Fertiggerichte,Gerichte zum Anrühren,Gallo Risotto Pronto mit Steinpilzen 210G,"3,29 €","15,67 €/kg","inkl. MwSt., zzgl. 4.95 € Versandkosten.",lieferbar innerhalb von 2-5 Werktagen,2023-05-03 02:11:35.307770,-,Hinweis zur Aufbewahrung: Kühl und trocken lagern.,"Verantwortliches Lebensmittelunternehmen:
Riso Gallo SpA Viale Riccardo Preve 4 27038 Robbio (PV)","Zutatenverzeichnis: Parboiled Reis 87%, Steinpilze (Boletus Edulis und zur Familie gehörende Sorten) 2,5%, Zwiebel, SCHMELZKÄSE (mit Stabilisator : E339), Kartoffelmehl, Maltodextrin, MILCHPROTEIN, Zucker, Reisstärke, Hefeextrakt, Kochsalz, Aromen (enthält MILCH), Petersilie, Knoblauch. Produziert in einem Werk, in dem auch GLUTENHALTIGES GETREIDE, SCHALENFRÜCHTE, SOJA, MILCH, FISCHE, SCHALEN- und KRUSTENTIERE sowie daraus hergestellte Produkte verarbeitet werden. Enthält Spuren von diesen Stoffen.",346,1466,"1,1","0,4","75,2",2,"7,9","2,2",https://www.edeka24.de/Lebensmittel/Fertiggerichte/Gerichte-zum-Anruehren/Gallo-Risotto-Pronto-mit-Steinpilzen-210G.html,https://www.edeka24.de/out/pictures/generated/product/1/540_540_90/rgrisotto_pronsteinpilz210g.jpg
3494,Lebensmittel,Fertiggerichte,Gerichte zum Anrühren,Alnatura Bio Gemüse Vollkorn Burger 210G,"2,49 €","11,86 €/kg","inkl. MwSt., zzgl. 4.95 € Versandkosten.",lieferbar innerhalb von 2-5 Werktagen,2023-05-03 02:11:38.622213,Bio Trockenmischung zur Zubereitung veganer Vollkorn Burger mit 17 % Gemüse,Hinweis zur Aufbewahrung: Bitte trocken lagern und vor Wärme schützen.,"Verantwortliches Lebensmittelunternehmen:
Alnatura GmbH, Mahatma-Gandhi-Straße 7, 64295 Darmstadt","Zutatenverzeichnis: HAFERVOLLKORNFLOCKEN* 24 %, DINKELVOLLKORNGRIEß*¹ 23 %, DINKELVOLLKORNFLOCKEN*¹ 16 %, Cornflakes* (Maismehl*, Rohrohrzucker*, Meersalz), Zwiebeln* 5,7 %, Lauch* 4,4 %, Karotten* 4,3 %, Sonnenblumenöl*, Meersalz, Tomatenpulver*, Zucchini*, Knoblauch*, Gewürze* (Pfeffer*, Macis*, Kurkuma*), Kräuter* (Liebstöckelblätter*, Oregano*) *aus biologischer Landwirtschaft ¹Dinkel ist eine Urweizenart . Kann Spuren von EI, SOJA, MILCH, SELLERIE und SENF enthalten.",698,166,"2,9","0,3",27,"3,3","5,6",1,https://www.edeka24.de/Lebensmittel/Fertiggerichte/Gerichte-zum-Anruehren/Alnatura-Bio-Gemuese-Vollkorn-Burger-210G.html,https://www.edeka24.de/out/pictures/generated/product/1/540_540_90/alnatgemvollburg.jpg
3495,Lebensmittel,Fertiggerichte,Gerichte zum Anrühren,Allgroo Udon Cup-Nudeln Chili 173G,"3,29 €","19,02 €/kg","inkl. MwSt., zzgl. 4.95 € Versandkosten.",lieferbar innerhalb von 2-5 Werktagen,2023-05-03 02:11:43.528333,-,,"Verantwortliches Lebensmittelunternehmen:
Kreyenhop & Kluge GmbH & Co. KG, DE-28876","Zutatenverzeichnis: Noodles (81%) (WEIZENMEHL, Wasser, Salz, WEIZENGLUTEN, SOJAÖL, Feuchthaltemittel: Sorbit (E420); Emulgator: Lecithine (E322) (enthält SOJA);Maisöl, Säureregulator: Milchsäure (E270); )Würzmittel Flüssig (17%) (rotes Chilipulver (29%), Sojasauce (Wasser, SOJABOHNEN, WEIZEN, Salz), Wasser, Salz, Würze (Dextrine, Zucker, Salz, Hefeextrakt, Geschmacksverstärker: Mononatriumglutamat (E621); Shiitakepulver), Zucker, Würzmittel (Geschmacksverstärker: Mononatriumglutamat (E621); Ingwerpulver, modifizierte Stärke, Shiitake, schwarzer Pfeffer), Zwiebeln, Knoblauch), getrocknete Flocken (2%) (fritierter Tofu (SOJABOHNEN, Wasser, Festigungsmittel: Magnesiumchlorid (E511); SOJAÖL, Emulgator: Lecithine (E322) (enthält SOJA);WEIZENmehl), Shiitake, Frühlingszwiebeln, Zwiebeln, Fischzubereitung (Surimi, Fischzubereitung aus Fischmuskeleiweiß (Alaska-Pollack, Zucker, Feuchthaltemittel: Sorbit (E420); Stabilisator: Polyphosphate (E452); )Maisstärke, Zucker, Salz, Emulgator: Mono- und Diglyceride von Speisefettsäuren (E471); Geschmacksverstärker: Mononatriumglutamat (E621); Farbstoff: Paprikaextrakt (Capsanthin, Capsorubin) (E160C); )Seetang). Kann Spuren von KREBSTIEREN, SESAMSAMEN und WEICHTIEREN enthalten.",529,125,"0,5","0,1",25,"3,7","4,2","3,7",https://www.edeka24.de/Lebensmittel/Fertiggerichte/Gerichte-zum-Anruehren/Allgroo-Udon-Cup-Nudeln-Chili-173G.html,https://www.edeka24.de/out/pictures/generated/product/1/540_540_90/udonchili.jpg
3496,Lebensmittel,Fertiggerichte,Gerichte zum Anrühren,Mama Instantnudeln Shrimps 60G,"0,89 €","14,83 €/kg","inkl. MwSt., zzgl. 4.95 € Versandkosten.",lieferbar innerhalb von 2-5 Werktagen,2023-05-03 02:11:49.524630,-,,"Verantwortliches Lebensmittelunternehmen:
Kreyenhop & Kluge GmbH & Co. KG, DE-28876","Zutatenverzeichnis: WEIZENMEHL, Palmöl, Salz, Zucker, Chilipulver, Geschmacksverstärker: Mononatriumglutamat (E621), Dinatrium-5′-ribonucleotid (E635); Gewürze, Säuerungsmittel: Citronensäure (E330); Säureregulatoren: Natriumcarbonate (E500), Kaliumcarbonate (E501), Triphosphate (E451); getrocknete Frühlingszwiebeln, Farbstoff: Paprikaextrakt (Capsanthin, Capsorubin) (E160C); Verdickungsmittel: Carboxymethylcellulose (Natrium-Carboxymethylcellulose, Cellulosegummi) (E466); Sojasauce (SOJABOHNEN, Wasser, Salz), Aroma (0,02%), GARNELENPULVER (0,02%).Kann Spuren von EIER, FISCH, MILCH, SESAMSAMEN und SELLERIE enthalten.",275,66,"2,8","1,5","8,8","0,7","1,3","0,9",https://www.edeka24.de/Lebensmittel/Fertiggerichte/Gerichte-zum-Anruehren/Mama-Instantnudeln-Shrimps-60G.html,https://www.edeka24.de/out/pictures/generated/product/1/540_540_90/mama_instantnudeln_shrimps_60g.jpg
3497,Lebensmittel,Fertiggerichte,Gerichte zum Anrühren,Alnatura Bio Rote Linsen Burger 200G,"2,89 €","14,45 €/kg","inkl. MwSt., zzgl. 4.95 € Versandkosten.",lieferbar innerhalb von 2-5 Werktagen,2023-05-03 02:11:55.405774,Bio Trockenmischung mit 60% roten Linsen zur Zubereitung vegetarischer Burger mit orientalischer Würzung.,Hinweis zur Aufbewahrung: Bitte trocken lagern und vor Wärme schützen.,"Verantwortliches Lebensmittelunternehmen:
Alnatura Produktions- und Handels GmbH, Mahatma-Gandhi-Str. 7, 64295 Darmstadt","Zutatenverzeichnis: Rote Linsen* 60%, Reisvollkornmehl*, Kartoffeln*, Karotten*, Zucchini*, Meersalz, Sonnenblumenöl*, Paprika*, Lauch*, Petersilie*, Pfeffer*, Kurkuma*, Kreuzkümmel*, Paprikapulver*, Fenchelsamen*, Kümmel*, Koriandersamen* *aus biologischer Landwirtschaft . Kann Spuren von GLUTEN, EI, SOJA, MILCH, SELLERIE und SENF enthalten.",712,170,"4,9","0,6",18,"1,8","9,1","0,96",https://www.edeka24.de/Lebensmittel/Fertiggerichte/Gerichte-zum-Anruehren/Alnatura-Bio-Rote-Linsen-Burger-200G.html,https://www.edeka24.de/out/pictures/generated/product/1/540_540_90/bio_alnatura_rote_linsen_burger_200g.jpg
3498,Lebensmittel,Fertiggerichte,Gerichte zum Anrühren,Nissin Cup Noodles Soba Yakitori Chicken 89G,"1,89 €","21,24 €/kg","inkl. MwSt., zzgl. 4.95 € Versandkosten.",lieferbar innerhalb von 2-5 Werktagen,2023-05-03 02:12:01.138456,Instant Weizennudeln mit Würzsauce Yakitori-Hühnchen-Geschmack,,"Verantwortliches Lebensmittelunternehmen:
Nissin Foods Kft, Momok u. 4., 6000 Keskemét, Ungarn","Zutatenverzeichnis: Nudeln 72,2% [WEIZENMEHL, Palmöl, Kochsalz, Geschmacksverstärker (E621), Mehlbehandlungsmittel (E500, E451), Antioxidationsmittel (E306), Säureregulator (Citronensäure)], Würzsauce 21,3% [SOJASAUCE (Wasser, SOJABOHNEN, Kochsalz, WEIZEN), Rapsöl, Zucker, Dextrose, Geschmacksverstärker (E621, E635), Hühnerfett, Zwiebelpulver, hydrolysiertes Maisprotein, Aromen, Farbstoffe (Zuckerkulör, Paprikaextrakt), modifizierte Stärke], Zwiebeln, Hühnerfleischstücke 1,1%, rote Paprika, Frühlingszwiebeln. Kann Spuren von SELLERIE, KREBSTIEREN, FISCH, MILCH, WEICHTIEREN, SENF und SESAM enthalten.",925,221,"10,8","4,6","24,7","4,3","4,9","1,9",https://www.edeka24.de/Lebensmittel/Fertiggerichte/Gerichte-zum-Anruehren/Nissin-Cup-Noodles-Soba-Yakitori-Chicken-89G.html,https://www.edeka24.de/out/pictures/generated/product/1/540_540_90/nissin_soba_cup_yakitori_chicken_89g.jpg
3499,Lebensmittel,Fertiggerichte,Gerichte zum Anrühren,Nissin Soba Chili 111G,"1,05 €","9,46 €/kg","inkl. MwSt., zzgl. 4.95 € Versandkosten.",lieferbar innerhalb von 2-5 Werktagen,2023-05-03 02:12:06.296903,Gebratene Weizennudeln Chili-Geschmack,,"Verantwortliches Lebensmittelunternehmen:
Nissin Foods GmbH, Berner Straße 119, 60437 Frankfurt am Main","Zutatenverzeichnis: Nudeln 81,3% [WEIZENMEHL, Palmöl, Salz, Mehlbehandlungsmittel (E500, E451), Stabilisator E501, Verdickungsmittel E412, Antioxidationsmittel E306],Würzsauce 18,0% [Zucker, Wasser, Dextrose, Rapsöl, Salz, Geschmacksverstärker (E621, E635), Branntweinessig, SOJASAUCE (Wasser, SOJABOHNEN, Salz, WEIZEN), Melasse, Farbstoff E150c, Gewürze, hydrolysiertes Pflanzenprotein, Tomatenpulver, Säureregulator: Citronensäure, Chili (0,5% in Würzsauce), Aroma], Frühlingszwiebeln. Kann Spuren von SELLERIE, KREBSTIEREN, FISCH, MILCH, WEICHTIEREN, SENF und SESAM enthalten",194,812,"7,8","3,8","25,5","4,1","4,4","1,5",https://www.edeka24.de/Lebensmittel/Fertiggerichte/Gerichte-zum-Anruehren/Nissin-Soba-Chili-111G.html,https://www.edeka24.de/out/pictures/generated/product/1/540_540_90/nissinsoba.jpg
3500,Lebensmittel,Fertiggerichte,Gerichte zum Anrühren,Bio Gourmet Indisches Curry 250G,"3,99 €","15,96 €/kg","inkl. MwSt., zzgl. 4.95 € Versandkosten.",lieferbar innerhalb von 2-5 Werktagen,2023-05-03 02:12:11.378931,Fertigmischung für Indisches Curry,"Hinweis zur Aufbewahrung: Kühl, trocken und lichtgeschützt lagern.","Verantwortliches Lebensmittelunternehmen:
Bio Gourmet GmbH, 71729 Erdmannshausen","Zutatenverzeichnis: Duftreis Langkorn weiß* 68 %, Rote Linsen*, Currymischung* 4 % (Curcuma*, Ingwer*, Pfeffer*, Bockshornkleesaat*, Koriander*, Kümmel*, Liebstöckelwurzel*, Zimt*, Cumin*, Chili*), Feigen* getrocknet, getrocknetes Gemüse* (Karotten*, Kartoffeln*, Zwiebeln*), Steinsalz. Kann Spuren von GLUTEN, SCHAENFRÜCHTEN und SELLERIE enthalten. *aus kontrolliert biologischem Anbau",1405,336,"1,4","0,3",64,"5,6",13,"2,5",https://www.edeka24.de/Lebensmittel/Fertiggerichte/Gerichte-zum-Anruehren/Bio-Gourmet-Indisches-Curry-250G.html,https://www.edeka24.de/out/pictures/generated/product/1/540_540_90/bio_gourmet_indisches_curry_250g.jpg
3501,Lebensmittel,Fertiggerichte,Gerichte zum Anrühren,Bio Gourmet Roter Linsen-Topf 250G,"3,99 €","15,96 €/kg","inkl. MwSt., zzgl. 4.95 € Versandkosten.",lieferbar innerhalb von 2-5 Werktagen,2023-05-03 02:12:18.355709,Fertigmischung für Roter Linsen-Topf,"Hinweis zur Aufbewahrung: Kühl, trocken und lichtgeschützt lagern.","Verantwortliches Lebensmittelunternehmen:
Bio Gourmet GmbH, 71729 Erdmannshausen","Zutatenverzeichnis: Rote Linsen* 88 %, Kartoffeln* getrocknet, Lauch* getrocknet, Apfelstückchen* getrocknet, Steinsalz, Knoblauch*, Liebstöckel*. *aus kontrolliert biologischem Anbau",1475,349,"1,5","0,2",53,"4,2",25,"2,3",https://www.edeka24.de/Lebensmittel/Fertiggerichte/Gerichte-zum-Anruehren/Bio-Gourmet-Roter-Linsen-Topf-250G.html,https://www.edeka24.de/out/pictures/generated/product/1/540_540_90/bgrolito.jpg
3503,Lebensmittel,Fertiggerichte,Gerichte zum Anrühren,Nissin Cup Noodles Soba Chili 92G,"1,89 €","20,54 €/kg","inkl. MwSt., zzgl. 4.95 € Versandkosten.",lieferbar innerhalb von 2-5 Werktagen,2023-05-03 02:12:26.105255,Instant-Weizennudeln mit Chili Würzsauce,,"Verantwortliches Lebensmittelunternehmen:
Nissin Foods Kft, Momok u. 4., 6000 Keskemét, Ungarn","Zutatenverzeichnis: Nudeln 70,7% (WEIZENMEHL, Palmöl, Salz, Geschmacksverstärker E621, Mehlbehandlungsmittel (E500, E451), Antioxidationsmittel E306, Säureregulator: Citronensäure), Würzsauce 21,7% (Zucker, Wasser, Dextrose, Rapsöl, Salz, Geschmacksverstärker (E621, E635), Branntweinessig, SOJASAUCE (Wasser, SOJABOHNEN, Salz, WEIZEN), Melasse, Farbstoff E150c, Gewürze, hydrolysiertes Pflanzenprotein, Tomatenpulver, Säureregulator: Citronensäure, Chili (0,5% in Würzsauce), Aroma), Kohl, roter Paprika. Kann Spuren von SELLERIE, KREBSTIEREN, FISCH, MILCH, WEICHTIEREN, SENF und SESAM enthalten.",872,208,"7,9","3,6","27,3","5,7","5,5","1,2",https://www.edeka24.de/Lebensmittel/Fertiggerichte/Gerichte-zum-Anruehren/Nissin-Cup-Noodles-Soba-Chili-92G.html,https://www.edeka24.de/out/pictures/generated/product/1/540_540_90/nissin_soba_cup_chili_92g.jpg
3504,Lebensmittel,Fertiggerichte,Gerichte zum Anrühren,Bio Gourmet Risotto mit Steinpilzen 250G,"5,49 €","21,96 €/kg","inkl. MwSt., zzgl. 4.95 € Versandkosten.",lieferbar innerhalb von 2-5 Werktagen,2023-05-03 02:12:29.907500,Fertigmischung für Risotto mit Steinpilzen,Hinweis zur Aufbewahrung: Kühl und trocken lagern.,"Verantwortliches Lebensmittelunternehmen:
Bio Gourmet GmbH, 71729 Erdmannshausen","Zutatenverzeichnis: Carnaroli Reis* 92 %, Steinpilze* 3,2 % (Boletus edulis), Meersalz, Reismehl*, Zwiebeln*, SELLERIE*, Karotten*, Petersilie*, Lauch*, natives Olivenöl extra*, Knoblauch*, Maisstärke*, Miso* (SOJA*, Reis*, Wasser, Salz, Koji), Hefeextrakt, Gewürze*. *aus kontrolliert biologischem Anbau",1588,374,"0,7","0,2",83,"0,6","7,8","2,3",https://www.edeka24.de/Lebensmittel/Fertiggerichte/Gerichte-zum-Anruehren/Bio-Gourmet-Risotto-mit-Steinpilzen-250G.html,https://www.edeka24.de/out/pictures/generated/product/1/540_540_90/biogourmetsteinpilzrisotto.jpg
3505,Lebensmittel,Fertiggerichte,Gerichte zum Erhitzen,Sonnen Bassermann Mein Kasseler Schulter 480G MHD 25.07.,"1,99 €","4,15 €/kg","inkl. MwSt., zzgl. 4.95 € Versandkosten.",lieferbar innerhalb von 2-5 Werktagen,2023-05-03 02:12:33.375873,Kasslerbraten aus der Hüfte mit Kartoffelwürfeln in würzigem Aufguss und Weinsauerkraut.,,"Verantwortliches Lebensmittelunternehmen:
Struik Foods Deutschland GmbH, Clara-Zetkin-Straße 8-15, D-14547 Beelitz (Brandenburg)","Zutatenverzeichnis: Wasser, Weinsauerkrautzubereitung (19 %) (Weinsauerkraut (Weißkohl, Wein, Speisesalz), Wasser, Rapsöl, Zucker, modifizierte Stärke, Verdickungsmittel (Cellulosegummi, Guarkernmehl), Antioxidationsmittel (Ascorbinsäure)), Kartoffeln (18 %), Kasselerbraten aus der Hüfte (16,5 %) (Schweinefleisch (95 %), Wasser, Speisesalz, Traubenzucker, Antioxidationsmittel (Natriumisoascorbat), Rauch), SENF (Wasser, SENFSAATEN, Branntweinessig, Speisesalz, Gewürze), Zwiebeln (1,3 %), modifizierte Stärke, Tomatenmark, Zucker, Rapsöl, Verdickungsmittel (Cellulosegummi, Guarkernmehl), Speisesalz, Petersilie, SAHNE, Gewürze, Antioxidationsmittel (Natriummetabisulfit, Ascorbinsäure).Kann Spuren von GLUTEN, EI, SOJA, ERDNÜSSEN, SCHALENFRÜCHTEN und FISCH enthalten.",274,65,"1,6","0,14","7,7","1,7","4,2","0,78",https://www.edeka24.de/Lebensmittel/Fertiggerichte/Gerichte-zum-Erhitzen/Sonnen-Bassermann-Mein-Kasseler-Schulter-480G-MHD-25-07.html,https://www.edeka24.de/out/pictures/generated/product/1/540_540_90/sbkasseler.jpg
3506,Lebensmittel,Fertiggerichte,Gerichte zum Erhitzen,Gut & Günstig Kartoffeltopf mit Würstchen 800G,"2,39 €","2,99 €/kg","inkl. MwSt., zzgl. 4.95 € Versandkosten.",lieferbar innerhalb von 2-5 Werktagen,2023-05-03 02:12:37.491208,Kartoffeltopf mit Rauchspeck und Cocktailwürstchen mit Milcheiweiß in Eigenhaut,"Hinweis zur Aufbewahrung: Trocken lagern. Nach dem Öffnen den Restinhalt der Dose in ein geeignetes Gefäß umfüllen, gekühlt aufbewahren und alsbaldig verbrauchen.","Verantwortliches Lebensmittelunternehmen:
EDEKA ZENTRALE Stiftung & Co. KG, D-22291 Hamburg","Zutatenverzeichnis: 49 % Kartoffeln (enthalten SULFIT), Wasser, 8,8 % Rauchspeck (Schweinebauch, Speisesalz, Dextrose, Gewürze, Säuerungsmittel: Natriumdiacetat, Milchsäure; Antioxidationmittel: Natriumascorbat; Konservierungsstoff: Natriumnitrit, Kaliumnitrat; Rauch), 7,5 % Cocktailwürstchen mit MILCHEIWEISS in Eigenhaut (Schweinefleisch, Speck, Wasser, MILCHEIWEISS, Speisesalz, Gewürze (enthält SENF), LAKTOSE, Dextrose, Stabilisator: Natriumcitrate; Antioxidationsmittel: Natriumascorbat; Konservierungsstoff: Natriumnitrit; Rauch), 3,6 % Karotten, Lauch, Schweineschmalz, modifizierte Stärke, Speisesalz, WEIZENMEHL, Rapsöl, Verdickungsmittel: Guarkernmehl; MAGERMILCHPULVER, HÜHNEREIWEISS, Gewürze (enthält SENF, SELLERIE), Antioxidationsmittel: Ascorbinsäure. Das Produkt kann Spuren von SOJA enthalten.",372,89,"45,6","1,9","5,9","0,4","3,4",1,https://www.edeka24.de/Lebensmittel/Fertiggerichte/Gerichte-zum-Erhitzen/Gut-Guenstig-Kartoffeltopf-mit-Wuerstchen-800G.html,https://www.edeka24.de/out/pictures/generated/product/1/540_540_90/gampampg_kartofftopfmwuers800ml.jpg
3507,Lebensmittel,Fertiggerichte,Gerichte zum Erhitzen,Wingert Foods Schweineroulade 480G,"2,79 €","5,81 €/kg","inkl. MwSt., zzgl. 4.95 € Versandkosten.",lieferbar innerhalb von 2-5 Werktagen,2023-05-03 02:12:44.724137,Schweineroulade in würziger Sauce mit Kartoffelpüree und Rotkohl,,"Verantwortliches Lebensmittelunternehmen:
Wingert Foods GmbH, Neufelder Straße 22, 27472 Cuxhaven","Zutatenverzeichnis: Kartoffelpüree (35%) (Wasser, Kartoffeln, Rapsöl, Speisesalz, Emulgator Mono- und Diglyceride von Speisefettsäuren, Stabilisator Diphosphate, Antioxidationsmittel (NATRIUMMETABISULFIT, Fettsäureester der Ascorbinsäure, Ascorbinsäure), Gewürze), Apfelrotkohl 19%) (Rotkohl, Äpfel, Wasser, Zucker, Apfelsaftkonzentrat, Speisesalz, modifizierte Stärke, Rapsöl, Verdickungsmittel (Cellulosegummi, Guarkernmehl), Antioxidationsmittel Ascorbinsäure, Branntweinessig, Gewürze, Johannisbeersaftkonzentrat), Schweineroulade (19%) (Schweinefleisch, Gewürzgurken (Gurken, Wasser, Branntweinessig, Speisesalz), Zwiebeln, Paniermehl (WEIZENMEHL, Wasser, Speisesalz, Hefe), SENF (Wasser, SENFSAATEN, Speisesalz, Zucker, Branntweinessig, Gewürze), Wasser, Kartoffelstärke, Speisesalz, Dextrose, Gewürze), Wasser, Zwiebeln, SENF (Wasser, SENFSAATEN, Branntweinessig, Speisesalz, Gewürze), Tomatenmark, Gewürze, Speisesalz, Zucker, Rapsöl, Sambal Oelek (Chillis, Paprika, Wasser, Speisesalz), SAHNE, karamellisierter Zucker, Verdickungsmittel (Cellulosegummi, Guarkernmehl). Das Pordukt kann Spuren von EI und SELLERIE enthalten.",304,72,"1,8","0,5","9,2","2,3","4,1","0,85",https://www.edeka24.de/Lebensmittel/Fertiggerichte/Gerichte-zum-Erhitzen/Wingert-Foods-Schweineroulade-480G.html,https://www.edeka24.de/out/pictures/generated/product/1/540_540_90/wf_menue_schweineroulade_480g.jpg
3508,Lebensmittel,Fertiggerichte,Gerichte zum Erhitzen,Erasco Schweizer Käse-Maccaroni 800G,"4,29 €","5,36 €/kg","inkl. MwSt., zzgl. 4.95 € Versandkosten.",lieferbar innerhalb von 2-5 Werktagen,2023-05-03 02:12:48.093089,Nudeln in Käsesauce mit Hackbällchen,,"Verantwortliches Lebensmittelunternehmen:
GB FOODS DEUTSCHLAND GMBH, Geniner Straße 88-100, 23560 Lübeck","Zutatenverzeichnis: Wasser, 20% gekochte Nudeln (HARTWEIZENGRIEß (GLUTEN), Wasser, EIKLAR)), 8,9% Fleischklößchen (Schweinefleisch z.T. fein zerkleinert, Zwiebeln, Paniermehl (WEIZENMEHL (GLUTEN), Speisesalz, Hefe)), HÜHNEREIKLAR, Trinkwasser, WEIZENGLUTEN, WEIZENSTÄRKE, Rapsöl, jodiertes Speisesalz (Speisesalz, Kaliumjodat), Gewürze, Dextrose)), Zwiebeln, Rapsöl, 1,6% KÄSE, modifizierte Stärke, SAHNE, Salz, Aroma (enthält EI), MOLKENPROTEIN, Kochsalzersatz (Kaliumchlorid), Zucker, Speck (Schweinebacke, Salz, Rauch), Knoblauch, Petersilie, Dextrose, Verdickungsmittel: Guarkernmehl und Xanthan, Emulgator: E472e, Säureregulator: Natriumcitrate. Kann Spuren von SELLERIE, SOJA und SENF enthalten.",445,107,"6,7","1,4","8,1","0,5","3,2","0,83",https://www.edeka24.de/Lebensmittel/Fertiggerichte/Gerichte-zum-Erhitzen/Erasco-Schweizer-Kaese-Maccaroni-800G.html,https://www.edeka24.de/out/pictures/generated/product/1/540_540_90/erascoschweikmac.jpg
3509,Lebensmittel,Fertiggerichte,Gerichte zum Erhitzen,Maggi Ravioli in pikanter Sauce 800G,"3,29 €","4,11 €/kg","inkl. MwSt., zzgl. 4.95 € Versandkosten.",lieferbar innerhalb von 2-5 Werktagen,2023-05-03 02:12:51.283021,-,Hinweis zur Aufbewahrung: Bitte trocken lagern.,"Verantwortliches Lebensmittelunternehmen:
Maggi GmbH, 78221 Singen (Hohentwiel)","Zutatenverzeichnis: 76,2% Tomatensauce [Wasser, 26,8 % Tomatenmark**, 6,6% Rindfleisch**, modifizierte Stärke, Jodsalz, Rinderfett, Zucker, Gewürze, geräucherter Speck (Speck, Rauch), Hefeextrakt, Würze (aus WEIZEN), Lauch, SELLERIE, Salz, Säuerungsmittel Citronensäure, natürliches Aroma, Palmfett], 23,8 % Ravioli [HARTWEIZENGRIESS, Wasser, 3,7% WEIZENMEHL***, Paniermehl (WEIZENMEHL, Hefe, Jodsalz), WEIZENEIWEIß, geräucherter Speck (Speck, Rauch), Gewürze, WEICHWEIZENGRIESS, Jodsalz, Kartoffelstärke, Sonnenblumenöl, Palmfett, HÜHNEREI-EIWEIß, EIGELB, MILCHZUCKER, Kräuter, Zucker, natürliches Aroma]. ** Anteil in Tomatensauce, ***Anteil in Ravioli. Kann SOJA, MILCH und SENF enthalten.",363,86,"2,9","1,1","11,3","1,6","3,4","0,94",https://www.edeka24.de/Lebensmittel/Fertiggerichte/Gerichte-zum-Erhitzen/Maggi-Ravioli-in-pikanter-Sauce-800G.html,https://www.edeka24.de/out/pictures/generated/product/1/540_540_90/maggiravpiksau.png
3510,Lebensmittel,Fertiggerichte,Gerichte zum Erhitzen,Wingert Foods Hühnerfrikasse 480G,"2,69 €","5,60 €/kg","inkl. MwSt., zzgl. 4.95 € Versandkosten.",lieferbar innerhalb von 2-5 Werktagen,2023-05-03 02:12:55.081031,Hühnerfrikassee mit Langkorn-Reis und einer feinen Gemüsemischung,"Hinweis zur Aufbewahrung: Dieses Produkt ist ungekühlt mehrere Monate haltbar, ohne dass es seine Qualität und seinen ausgezeichneten Geschmack verliert.","Verantwortliches Lebensmittelunternehmen:
Wingert Foods GmbH, Postfach 249 27452 Cuxhaven","Zutatenverzeichnis: Reiszubereitung, gegart (27%) (Wasser, Langkornreis, jodiertes Speisesalz, Rapsöl, Verdickungsmittel Guarkernmehl, Emulgator Sonnenblumenlecithine, Reismehl, Säuerungsmittel Citronensäure, Antioxidationsmittel Ascorbinsäure, Dextrose), Wasser, Hühnerfleisch (12,5%), Erbsen (6%), Möhren (5%), Champignons (3%), Hühnerbrühe, modifizierte Stärke, SAHNE, Spargel (1,4%), Zucker, jodiertes Speisesalz, Säureregulator Calciumcitrate, Verdickungsmittel (Cellulosegummi, Guarkernmehl), Emulgator Mono- und Diacetylweinsäureester von Mono- und Diglyceriden von Speisefettsäuren, Rapsöl, Gewürze, Antioxidationsmittel Ascorbinsäure. Das Produkt kann Spuren von GLUTEN, EI, SELLERIE und SENF enthalten.",416,99,"1,2","0,4",15,"1,8","6,5","1,2",https://www.edeka24.de/Lebensmittel/Fertiggerichte/Gerichte-zum-Erhitzen/Wingert-Foods-Huehnerfrikasse-480G.html,https://www.edeka24.de/out/pictures/generated/product/1/540_540_90/wf_menue_huehnerfrikasse_480g.jpg
3511,Lebensmittel,Fertiggerichte,Gerichte zum Erhitzen,Gut & Günstig Chili con Carne 800G,"2,59 €","3,24 €/kg","inkl. MwSt., zzgl. 4.95 € Versandkosten.",lieferbar innerhalb von 2-5 Werktagen,2023-05-03 02:12:57.728631,Chili con Carne mit Schweinefleisch,"Hinweis zur Aufbewahrung: Trocken lagern. Nach dem Öffnen den Restinhalrt der Dose in ein geeignetes Gefäß umfüllen, gekühlt aufbewahren und alsbaldig verbrauchen.","Verantwortliches Lebensmittelunternehmen:
EDEKA ZENTRALE Stiftung & Co. KG, D-22291 Hamburg","Zutatenverzeichnis: 27% Kidneybohnen, Wasser, 12,6% Tomaten, 10% Schweinefleisch gewürzt (Schweinefleisch, Speisesalz, Gewürze [enthält SENF]), Tomatenmark, Zwiebeln, 2,7% Mais, 2,7% Paprika, Rapsöl, Speisesalz, modifizierte Stärke, Gewürze (enthält SELLERIE, SENF), WEIZENMEHL, Zucker, HÜHNEREIEIWEISS, Verdickungsmittel: Guarkernmehl; MAGERMILCHPULVER. Das Produkt kann Spuren von SOJA enthalten.",369,88,"3,9","1,1","6,9","1,8","4,8","1,1",https://www.edeka24.de/Lebensmittel/Fertiggerichte/Gerichte-zum-Erhitzen/Gut-Guenstig-Chili-con-Carne-800G.html,https://www.edeka24.de/out/pictures/generated/product/1/540_540_90/gutampampgamp220nstig_chili_con_carne_800g.jpg
3512,Lebensmittel,Fertiggerichte,Gerichte zum Erhitzen,Wingert Foods Huhn Süss Sauer 375G,"2,69 €","7,17 €/kg","inkl. MwSt., zzgl. 4.95 € Versandkosten.",lieferbar innerhalb von 2-5 Werktagen,2023-05-03 02:13:00.436675,Zartes Hähnchenfleisch in einer leckeren süß-sauren Sauce mit Langkornreis,"Hinweis zur Aufbewahrung: Dieses Produkt ist ungekühlt mehrere Monate haltbar, ohne dass es seine Qualität und seinen ausgezeichneten Geschmack verliert.","Verantwortliches Lebensmittelunternehmen:
Wingert Foods GmbH, Postfach 249 - 27452 Cuxhaven","Zutatenverzeichnis: Reiszubereitung, gegart (38%)(Wasser, Langkornreis, jodiertes Speisesalz, Rapsöl, Verdickungsmittel Guarkernmehl, Emulgator Sonnenblumenlecithine, Reismehl, Säuerungsmittel Citronensäure, Antioxidationsmittel Ascorbinsäure, Dextrose), Wasser, gewürzte Hähnchenfleischzubereitung (13%)[Hähnchenfleisch (90%), Wasser, Stärke, Speisesalz, Maltodextrin, Dextrose, Glukosesirup], Ananas (5%), Paprika (5%), Zucker, Zwiebeln, Karotten, SELLERIE, Branntweinessig, Tomaten, Tomatenmark, Bambussprossen, Hühnerbrühe, modifizierte Stärke, Gewürze, jodiertes Speisesalz, Rapsöl, Verdickungsmittel (Cellulosegummi, Guarkernmehl). Das Produkt kann Spuren von SENF, GLUTEN, EI und MILCH (einschl. MILCHZUCKER) enthalten.",108,457,"1,3","0,4",18,"6,2","5,2","0,98",https://www.edeka24.de/Lebensmittel/Fertiggerichte/Gerichte-zum-Erhitzen/Wingert-Foods-Huhn-Suess-Sauer-375G.html,https://www.edeka24.de/out/pictures/generated/product/1/540_540_90/wingert_foods_huhn_sss_sauer_375g.jpg
3513,Lebensmittel,Fertiggerichte,Gerichte zum Erhitzen,Erasco Menü Grünkohl 370G,"3,29 €","8,89 €/kg","inkl. MwSt., zzgl. 4.95 € Versandkosten.",lieferbar innerhalb von 2-5 Werktagen,2023-05-03 02:13:03.708353,Grünkohl mit Kohlwurst und Kartoffelwürfeln,,"Verantwortliches Lebensmittelunternehmen:
GB Foods Deutschland GmbH, Geniner Str. 88-100, 23560 Lübeck Deutschland","Zutatenverzeichnis: Grünkohl 40%, Kohlwurst 16%,(Schweinefleisch, Speisesalz, Gewürze, (enthält SENF und SELLERIE)), Glukosesirup, Antioxidationsmittel: Ascorbinsäure, Reifekulturen, Schweinedarm, Buchenholzrauch), Kartoffeln 15%, Wasser, Zwiebeln, SENF (Wasser, SENFSAATEN, Branntweinessig, Speisesalz, Gewürze), Bauchspeckwürfel (Schweinefleisch, Wasser, Speisesalz, Dextrose, Gewürze, Antioxidationsmittel: Natriumascorbat, Rauch), HAFERFLOCKEN (GLUTEN), Rapsöl, Zucker, Hefeextrakt, geräucherte Maltodextrin-Salz-Zubereitung (Maltodextrin, Salz, Rauch), Verdickungsmittel: Guarkernmehl, Johannisbrotkernmehl, Cellulosegummi und Xanthan; Speisesalz, SAHNE, Gewürze, Antioxidationsmittel: NATRIUMMETABISULFIT. Kann Spuren von EI, SOJA, ERDNÜSSEN und SCHALENFRÜCHTEN enthalten.",461,111,"6,6","2,3","4,6","1,8","6,6","0,98",https://www.edeka24.de/Lebensmittel/Fertiggerichte/Gerichte-zum-Erhitzen/Erasco-Menue-Gruenkohl-370G.html,https://www.edeka24.de/out/pictures/generated/product/1/540_540_90/erasco_menamp252_gramp252nkohl_370g.jpg
3514,Lebensmittel,Fertiggerichte,Gerichte zum Erhitzen,Erasco Königsberger Klopse 800G,"4,29 €","5,36 €/kg","inkl. MwSt., zzgl. 4.95 € Versandkosten.",lieferbar innerhalb von 2-5 Werktagen,2023-05-03 02:13:07.303699,Königsberger Klopse in Kapernsauce,,"Verantwortliches Lebensmittelunternehmen:
GB FOODS DEUTSCHLAND GMBH, Geniner Straße 88-100, 23560 Lübeck","Zutatenverzeichnis: Wasser, 33% Königsberger Klopse (Schweinefleisch zum Teil fein zerkleinert, Zwiebeln, Wasser, PANIERMEHL (WEIZENMEHL (GLUTEN), Salz, Hefe), MILCHEIWEIß, Salz, Kochsalzersatz (Kaliumchlorid), Aroma, Rapsöl, modifizierte Stärke, Zucker, 0,7% Kapern (Kapern, Wasser, Salz, Branntweinessig))), Wein-Branntweinessig, Kochsalzersatz (Kaliumchlorid), Aroma, Salz, Verdickungsmittel: Guarkernmehl und Xanthan, Säuerungsmittel: Citronensäure, Säureregulator: Natriumcitrate, Emulgator: E472e, Dextrose. Kann Spuren von SELLERIE, SOJA, SENF und EI enthalten.",538,129,"9,9","3,7","5,5","1,6","4,3","1,1",https://www.edeka24.de/Lebensmittel/Fertiggerichte/Gerichte-zum-Erhitzen/Erasco-Koenigsberger-Klopse-800G.html,https://www.edeka24.de/out/pictures/generated/product/1/540_540_90/erasco_6_knigsberger_klopse_800_g.jpg
3515,Lebensmittel,Fertiggerichte,Gerichte zum Erhitzen,Wingert Foods Kohlroulade mit Kartoffelwürfel und Bohnen 480G,"2,89 €","6,02 €/kg","inkl. MwSt., zzgl. 4.95 € Versandkosten.",lieferbar innerhalb von 2-5 Werktagen,2023-05-03 02:13:10.909397,Kohlroulade mit einer Schweinehackfleisch-Füllung in einer herzhaften Sauce mit Kartoffelwürfeln in würzigem Aufguss und grünen Bohnen.,,"Verantwortliches Lebensmittelunternehmen:
Wingert Foods GmbH, Neufelder Straße 22, 27472 Cuxhaven 27472 Cuxhaven","Zutatenverzeichnis: Wasser, Kohlroulade (18%) (Weißkohl (50%), Füllung (50%) (Schweinefleisch 80%), z.T. fein zerkleinert, Zwiebeln, PANIERMEHL (WEIZENMEHL, Wasser, Speisesalz, Hefe), Wasser, Speisesalz, Gewürze), Kartoffeln (16%), grüne Bohnen (9%), Zwiebeln Tomatenmark, modifizierte Stärke, Speisesalz, Rapsöl, Gewürze (enthält SELLERIE), Zucker, Verdickungsmittel (Cellulosegummi, Guarkernmehl), SAHNE, Petersilie, SENF (Wasser, SENFSAATEN, Branntweinessig, Speisesalz, Gewürze Antioxidationsmittel ( NATRIUMMETABISULFIT, Ascorbinsäure). Das Produkt kann Spuren von EI, SOJA, ERDNÜSSEN, SCHALENFRÜCHTEN und FISCH enthalten.",70,291,"2,9","0,7","8,2","2,3",2,1,https://www.edeka24.de/Lebensmittel/Fertiggerichte/Gerichte-zum-Erhitzen/Wingert-Foods-Kohlroulade-mit-Kartoffelwuerfel-und-Bohnen-480G.html,https://www.edeka24.de/out/pictures/generated/product/1/540_540_90/wingert_foods_kohlroulade_mit_kartoffelwrfel_und_bohnen_480g(1).jpg
3516,Lebensmittel,Fertiggerichte,Gerichte zum Erhitzen,Wingert Foods Saftige Hacksteaks 460G,"2,69 €","5,85 €/kg","inkl. MwSt., zzgl. 4.95 € Versandkosten.",lieferbar innerhalb von 2-5 Werktagen,2023-05-03 02:13:13.656807,"Saftige Hacksteaks aus Schweinefleisch, z.T. fein zerkleinert, in einer kräftig-gewürzten Sauce mit Langkornreis und einer bunten Gemüsemischung",,"Verantwortliches Lebensmittelunternehmen:
Wingert Foods GmbH, Neufelder Straße 22, 27472 Cuxhaven","Zutatenverzeichnis: Reiszubereitung, gegart (28%) (Wasser, Langkornreis, Rapsöl, Verdickungsmittel Guarkernmehl, Emulgator Sonnenblumenlecithine, Reismehl, Speisesalz, Säuerungsmittel Citronensäure, Antioxidationsmittel Ascorbinsäure, Traubenzucker), Wasser, Hacksteak (15%) (Schweinefleisch, z.T. fein zerkleinert, Paniermehl (WEIZENMEHL, Wasser, Speisesalz, Hefe), Zwiebeln, WEIZENGLUTEN, Wasser, Speisesalz, Gewürze, GELBSENFMEHL), Möhren (6%), Paprika (3%), Erbsen (2%), Tomatenmark, SELLERIE, Zwiebeln, Mais, Zucker, modifizierte Stärke, Gewürze, Speisesalz, Verdickungsmittel (Cellulosegummi, Guarkernmehl), Knoblauch, Rapsöl, SENF (Wasser, SENFSAATEN, Branntweinessig, Speisesalz, Gewürze), SAHNE (KUHMILCH), Antioxidationsmittel Ascorbinsäure. Das Produkt kann Spuren von EI, SOJA, ERDNÜSSEN, SCHALENFRÜCHTEN und FISCH enthalten.",459,109,"2,8",1,15,"2,2","4,5","0,69",https://www.edeka24.de/Lebensmittel/Fertiggerichte/Gerichte-zum-Erhitzen/Wingert-Foods-Saftige-Hacksteaks-460G.html,https://www.edeka24.de/out/pictures/generated/product/1/540_540_90/wingert_foods_hacksteakssaftig_460g.jpg
3517,Lebensmittel,Fertiggerichte,Gerichte zum Erhitzen,Du darfst Rinderroulade in aromatischer Sauce mit würzigem Rotkohl und Kartoffelpüree 400G,"3,49 €","8,73 €/kg","inkl. MwSt., zzgl. 4.95 € Versandkosten.",lieferbar innerhalb von 2-5 Werktagen,2023-05-03 02:13:16.287227,-,,"Verantwortliches Lebensmittelunternehmen:
Wingert Foods GmbH, Postfach 249 27452 Cuxhaven","Zutatenverzeichnis: Rotkohl (30%) (Rotkohl, Wasser, Zucker, modifizierte Stärke, Speisesalz, Rapsöl, Verdickungsmittel Cellulosegummi, Guarkernmehl), Antioxidationsmittel Ascorbinsäure, Gewürze, Branntweinessig, Apfelsaftkonzentrat, Johannisbeersaftkonzentrat), Kartoffelpüree (24%) [Wasser, Kartoffeln, Rapsöl, Speisesalz, Emulgator Mono- und Diglyceride von Speisefettsäuren, Stabilisator Diphosphate, Antioxidationsmittel (NatriummetabiSULFIT, Fettsäureester der Ascorbinsäure, Ascorbinsäure), Gewürze], Rinderroulade (23%) [Rindfleisch, Füllung (Schweinefleisch, Gewürzgurken (Gurken, Wasser, Branntweinessig, Speisesalz), Zwiebeln, Paniermehl (WEIZENmehl, Wasser, Speisesalz, Hefe), SENF (Wasser, SENFsaaten, Speisesalz, Zucker, Branntweinessig, Gewürze), Wasser, Gewürze, Speisesalz, Kartoffelstärke)], Wasser, Zwiebeln, SENF (Wasser, SENFsaaten, Branntweinessig, Speisesalz, Gewürze), Tomatenmark, Gurken, modifizierte Stärke, Zucker, Speisesalz, Gewürze, Rapsöl, Branntweinessig, Verdickungsmittel (Cellulosegummi, Guarkernmehl), karamellisierter Zucker, Sambal Oelek (Chillis, Paprika, Wasser, Speisesalz). Das Produkt kann Spuren von EI, SELLERIE, und MILCH(einschließlich MILCHZUCKER) enthalten.",84,354,"2,5","0,9",11,"5,1","4,2","1,4",https://www.edeka24.de/Lebensmittel/Fertiggerichte/Gerichte-zum-Erhitzen/Du-darfst-Rinderroulade-in-aromatischer-Sauce-mit-wuerzigem-Rotkohl-und-Kartoffelpueree-400G.html,https://www.edeka24.de/out/pictures/generated/product/1/540_540_90/ddrinderroulade.jpg
3518,Lebensmittel,Fertiggerichte,Gerichte zum Erhitzen,Erasco Rindergulasch 480G,"3,99 €","8,31 €/kg","inkl. MwSt., zzgl. 4.95 € Versandkosten.",lieferbar innerhalb von 2-5 Werktagen,2023-05-03 02:13:20.219949,Rindergulasch in Sauce mit Nudeln und Apfelrotkohl,,"Verantwortliches Lebensmittelunternehmen:
GB Foods Deutschland GmbH, Geniner Straße 88-100, 23560 Lübeck","Zutatenverzeichnis: Nudelzubereitung, gegart 28% (Wasser, HARTWEIZENGRIEß (GLUTEN), HÜHNERVOLLEI, Rapsöl, Verdickungsmittel: Guarkernmehl, Emulgator: Sonnenblumenlecithine, Reismehl, Speisesalz, Antioxidationsmittel: Ascorbinsäure, Dextrose), Wasser, Apfelrotkohl 20% (Rotkohl, Wasser, Äpfel, Zucker, Apfelsaftkonzentrat, modifizierte Stärke, Speisesalz, Rapsöl, Verdickungsmittel: Cellulosegummi und Guarkernmehl; Antidioxidationsmittel: Ascorbinsäure, Branntweinessig, Gewürze, Johannisbeersaftkonzentrat), Rindfleisch 14% (Rindfleisch, Speisesalz, Stabilisator: Diphosphate), Zwiebeln, modifizierte Stärke, Tomatenmark, Zucker, Gewürze, Speisesalz, Rapsöl, SENF (Wasser, SENFSAATEN, Branntweinessig, Speisesalz, Gewürze), karamellisierer Zucker, Verdickungsmittel: Cellulosegummi und Guarkernmehl; Hefeextrakt, SAHNE. Kann Spuren von SELLERIE, SOJA, ERDNÜSSEN und SCHALENFRÜCHTEN enthalten.",400,95,"1,7","0,3",14,"4,4","4,9","1,1",https://www.edeka24.de/Lebensmittel/Fertiggerichte/Gerichte-zum-Erhitzen/Erasco-Rindergulasch-480G.html,https://www.edeka24.de/out/pictures/generated/product/1/540_540_90/erasco_menamp252_rindergulasch_480g.jpg
3519,Lebensmittel,Fertiggerichte,Gerichte zum Erhitzen,Erasco Spirli-Nudeln mit Fleischklößchen 800G,"3,49 €","4,36 €/kg","inkl. MwSt., zzgl. 4.95 € Versandkosten.",lieferbar innerhalb von 2-5 Werktagen,2023-05-03 02:13:23.830840,Nudeln mit Fleischklößchen in Tomatensauce,,"Verantwortliches Lebensmittelunternehmen:
GB FOODS DEUTSCHLAND GMBH, Geniner Straße 88-100, 23560 Lübeck","Zutatenverzeichnis: 40% passierte und gewürfelte Tomaten, Wasser, 26% gekochte Nudeln (HARTWEIZENGRIEß (GLUTEN), Wasser, EIKLAR), Wasser, 3,3% Fleischklößchen (Schweinefleisch zum Teil fein zerkleinert, Wasser, Stärke, Salz, Zwiebeln, Gewürze), Zwiebeln, Zucker, Salz, modifizierte Stärke, Rapsöl, WEIZENMEHL (GLUTEN) , Kräuter, Aroma, Hefeextrakt, Wein-Branntweinessig, färbender Paprikaextrakt, Dextrose, Säuerungsmittel: Citronensäure, Verdickungsmittel: Guarkernmehl. Kann Spuren von SELLERIE, MILCH, SOJA und SENF enthalten.",258,61,"1,1","0,3",10,"3,2","2,3","0,94",https://www.edeka24.de/Lebensmittel/Fertiggerichte/Gerichte-zum-Erhitzen/Erasco-Spirli-Nudeln-mit-Fleischkloesschen-800G.html,https://www.edeka24.de/out/pictures/generated/product/1/540_540_90/erascospirnudfleikl.jpg
3520,Lebensmittel,Fertiggerichte,Gerichte zum Erhitzen,Sonnen Bassermann Meine Rostbratwürstchen 480G,"3,99 €","8,31 €/kg","inkl. MwSt., zzgl. 4.95 € Versandkosten.",lieferbar innerhalb von 2-5 Werktagen,2023-05-03 02:13:27.554876,Rostbratwürstchen mit Kartoffelpüree und Weinsauerkraut,,"Verantwortliches Lebensmittelunternehmen:
Struik Foods Deutschland GmbH, Clara-Zetkin-Straße 8-15, D-14547 Beelitz (Brandenburg)","Zutatenverzeichnis: Kartoffelpüree (35%) (Wasser, Kartoffeln, Rapsöl, jodiertes Speisesalz, Emulgator (Mono- und Diglyceride von Speisefettsäuren), Stabilisator (Diphosphate), Antioxidationsmittel (NatriummetabiSULFIT, Fettsäureester der Ascorbinsäure, Ascorbinsäure), Gewürze), Wasser, Weinsauerkraut (20%) (Weißkohl, Wasser, Rapsöl, Zucker, modifizierte Stärke, Weißwein, geräuchertes Maltodextrin/Salz (Maltodextrin, Salz, geräuchertes Lebensmittel), Verdickungsmittel (Cellulosegummi), Gewürze, Antioxidationsmittel (Ascorbinsäure)), Rostbratwürstchen (15%) (Schweinefleisch, Speisesalz, Gewürze, SENF, Glukosesirup, Dextrose, Säureregulator (Natriumacetate), Stabilisator (Diphosphate), Antioxidationsmittel (Ascorbinsäure), Schafsaitling), Zwiebeln, modifizierte Stärke, Rapsöl, jodiertes Speisesalz, karamellisierter Zucker, Tomatenmark, Verdickungsmittel (Guarkernmehl), Zucker, Aroma (enthält SELLERIE), Gewürze.",96,398,"5,3","1,8","7,9","1,3","3,2","1,3",https://www.edeka24.de/Lebensmittel/Fertiggerichte/Gerichte-zum-Erhitzen/Sonnen-Bassermann-Meine-Rostbratwuerstchen-480G.html,https://www.edeka24.de/out/pictures/generated/product/1/540_540_90/sonnen_bassermann_meine_rostbratwrstchen.jpg
3521,Lebensmittel,Fertiggerichte,Gerichte zum Erhitzen,Erasco Balkan-Pfanne mit Cevapcici 800G,"3,49 €","4,36 €/kg","inkl. MwSt., zzgl. 4.95 € Versandkosten.",lieferbar innerhalb von 2-5 Werktagen,2023-05-03 02:13:31.048326,-,,"Verantwortliches Lebensmittelunternehmen:
GB FOODS DEUTSCHLAND GMBH, Geniner Straße 88-100, 23560 Lübeck","Zutatenverzeichnis: 37% gekochter Vollkornreis, passierte Tomaten und Tomaten, Wasser, 7,3% Cevapcici (59% Schweinefleisch, 29% Rindfleisch, Semmelbrösel (WEIZENMEHL (GLUTEN)), Wasser, Salz, Hefe), Salz, Zwiebeln, Gewürze, pflanzliches Protein, Dextrose, Kräuter, Gewürzextrakte, Rapsöl), Zwiebeln, Paprika, Mais, Salz, Rapsöl, Zucker, Dextrose, Chili, Basilikum, Knoblauch, Zwiebelpulver, Knoblauchpulver, Aroma, färbender Paprikaextrakt, Verdickungsmittel: Guarkernmehl. Kann Spuren von MILCH, EI, SELLERIE, SOJA und SENF enthalten.",407,97,"2,7","0,8",14,"1,6","3,2","0,85",https://www.edeka24.de/Lebensmittel/Fertiggerichte/Gerichte-zum-Erhitzen/Erasco-Balkan-Pfanne-mit-Cevapcici-800G.html,https://www.edeka24.de/out/pictures/generated/product/1/540_540_90/erasco_balkanpfanne_mitcevapcici_800g.jpg
3522,Lebensmittel,Fertiggerichte,Gerichte zum Erhitzen,Erasco Gyros im Metaxa-Sauce mit Tomatenreis 460G,"3,99 €","8,67 €/kg","inkl. MwSt., zzgl. 4.95 € Versandkosten.",lieferbar innerhalb von 2-5 Werktagen,2023-05-03 02:13:34.432578,-,,"Verantwortliches Lebensmittelunternehmen:
GB FOODS DEUTSCHLAND GMBH, Geniner Straße 88-100, 23560 Lübeck","Zutatenverzeichnis: Reiszubereitung, gegart mit Tomaten und Paprika 28% (Wasser, Langkornreis 31%, Tomaten 9%, Tomatenmark, Paprika 4%, Speisesalz, Rapsöl, Verdickungsmittel: Guarkernmehl, Emulgator: Sonnenblumenlecithine, Reismehl, Zucker, Gewürze, Säuerungsmittel: Citronensäure, Antioxidationsmittel: Ascorbinsäure, Dextrose), Wasser, Mais 14%, gewürztes Schweinefleisch 13% (Schweinefleisch, Wasser, Speisesalz, native Kartoffelstärke, Dextrose, Gewürze, Kräuter, Stabilisator: Diphosphate, Glucosesirup), Paprika, zwiebeln, Tomatenmark, Zucker, SAHNE, SENF (Wasser, SENFSAATEN, Branntweinessig, Speisesalz, Gewürze), Stärke, Spirituose: Metaxa 0,45% (Neutralalkohol, Weindestillat, Wein, Wasser, Zucker, Fruchtsaft, Aromaextrakte, natürliche Aromastoffe, Aromastoffe, Farbstoff Zuckerkulör), Rapsöl, Knoblauch, Speisesalz, Verdickungsmittel: Cellulosegummi und Guarkernmehl, Würzmischung (Speisesalz, Dextrose, Pfeffer, Koriander, Paprika, Chili, Currypulver, Knoblauch, Zwiebel, Thymian, SELLERIE, Kräuter, Gewürze), Gewürze, Antioxidationsmittel: Ascorbinsäure. Kann Spuren von GLUTEN, EI, SOJA, ERDNÜSSEN und SCHALENFRÜCHTEN enthalten.",105,442,"1,9","0,6",16,"3,5","4,8","0,76",https://www.edeka24.de/Lebensmittel/Fertiggerichte/Gerichte-zum-Erhitzen/Erasco-Gyros-im-Metaxa-Sauce-mit-Tomatenreis-460G.html,https://www.edeka24.de/out/pictures/generated/product/1/540_540_90/erasco_menamp252s_gyros_in_wamp252rziger_sauce_mit_tomatenreis_und_mais460g.jpg
3523,Lebensmittel,Fertiggerichte,Gerichte zum Erhitzen,Alnatura Bio Gemüse Ravioli 400G,"2,39 €","5,98 €/kg","inkl. MwSt., zzgl. 4.95 € Versandkosten.",lieferbar innerhalb von 2-5 Werktagen,2023-05-03 02:13:38.114873,"Bio Gemüseravioli in Tomatensauce mit Gemüsestücken, vegetarisch",Hinweis zur Aufbewahrung: Mindestens haltbar bis: siehe Boden,"Verantwortliches Lebensmittelunternehmen:
Alnatura GmbH, Mahatma-Gandhi-Straße 7, 64295 Darmstadt","Zutatenverzeichnis: Tomatensauce 55%: Tomatenmark* einfach konzentriert 34 %, Wasser, Tomaten* 12 %, Karotten* 5 %, Mais* 4 %, Erbsen* 4%, Karottenpüree* 4 %, Paprika*, Rohrohrzucker*, Meersalz, SELLERIE*, Maisstärke*, Gewürze*, Basilikum*, Zitronensaftkonzentrat*; Ravioli gekocht 45 %: Wasser, Hartweizengrieß*, Kartoffelflocken*, Semmelbrösel* (WEIZENMEHL*, Hefe*), Karotten* 1,0 %, Pastinaken*, Zwiebeln*, Paprika*, Sonnenblumenöl*, Gemüsebrühe* (Meersalz, Zwiebeln*, Karotten*, Lauch*, Pastinaken*, Kräuter*, Gewürze*), Tomaten* 0,4 %, Spinat*, Gewürze* *aus biologischer Landwirtschaft.",285,68,"0,8","0,1",12,"3,6","2,2","1,1",https://www.edeka24.de/Lebensmittel/Fertiggerichte/Gerichte-zum-Erhitzen/Alnatura-Bio-Gemuese-Ravioli-400G.html,https://www.edeka24.de/out/pictures/generated/product/1/540_540_90/alnaturagemrav.jpg
3524,Lebensmittel,Fertiggerichte,Gerichte zum Erhitzen,Maggi Ravioli in Tomatensauce 800G,"3,29 €","4,11 €/kg","inkl. MwSt., zzgl. 4.95 € Versandkosten.",lieferbar innerhalb von 2-5 Werktagen,2023-05-03 02:13:41.820240,"Ravioli in Tomatensauce mit 19,6% fleischhaltiger Füllung in den Raviolis",Hinweis zur Aufbewahrung: Bitte trocken lagern.,"Verantwortliches Lebensmittelunternehmen:
Maggi GmbH, 78221 Singen (Hohentwiel)","Zutatenverzeichnis: 71,5% Tomatensauce [Wasser, 37% Tomatenmark**, modifizierte Stärke, Jodsalz, Zucker, Sonnenblumenöl, geräucherter Speck (Speck, Rauch), Gewürze, Weinessig, Hefeextrakt, SELLERIE, Kräuter, Aromen], 28,5% Ravioli [HARTWEIZENGRIEß, Wasser, Paniermehl (WEIZENMEHL, Hefe, Jodsalz), Schweinefleisch, WEIZENEIWEIß, Sonnenblumenöl, 1,6% WEIZENMEHL***, Speck, WEICHWEIZENGRIEß, Gewürze, Jodsalz, Hefeextrakt, Palmfett, HÜHNEREI-EIWEIß, EIGELB, Kräuter, MILCHZUCKER, Aroma (mit GERSTE), Zucker].**Anteil in Tomatensauce, *** Anteil in Ravioli. Kann SOJA, MILCH und SENF enthalten.",372,88,"2,2","0,6","13,4","1,9","3,3","0,91",https://www.edeka24.de/Lebensmittel/Fertiggerichte/Gerichte-zum-Erhitzen/Maggi-Ravioli-in-Tomatensauce-800G.html,https://www.edeka24.de/out/pictures/generated/product/1/540_540_90/maggiraviolitomatensauce.jpg
3525,Lebensmittel,Fertiggerichte,Gerichte zum Erhitzen,Sonnen Bassermann Mein Leichter Genuss Zwiebel-Hackbraten 400G,"3,99 €","9,98 €/kg","inkl. MwSt., zzgl. 4.95 € Versandkosten.",lieferbar innerhalb von 2-5 Werktagen,2023-05-03 02:13:45.073105,-,,"Verantwortliches Lebensmittelunternehmen:
Struik Foods Deutschland GmbH, Clara-Zetkin Strasse 8-15, 14547 Beelitz","Zutatenverzeichnis: Apfelrotkohl (32%) (Rotkohl, Äpfel, Wasser, Zucker, Apfelsaftkonzentrat, jodiertes Speisesalz, modifizierte Stärke, Rapsöl, Verdickungsmittel ((Cellulosegummi), Antioxidationmittel (Ascorbinsäure), Branntweinessig, Gewürze, Johannisbeersaftkonzentrat), Kartoffelpüree (23%) (Wasser, Kartoffeln, Rapsöl, jodiertes Speisesalz, Emulgator (Mono- und Diglyceride von Speisefettsäuren), Stabilisator (Diphoshate), Antioxidationsmittel (NATRIUMSULFIT, Fettsäureester der Ascorbinsäure, Ascorbinsäure), Gewürze), Zwiebel-Hackbraten (20%) (Rind- und Schweinefleisch, z. T. fein zerkleinert, Zwiebeln, Paniermehl (WEIZENMEHL, Wasser, Speisesalz, Hefe), Wasser, Speisesalz, Gewürze, Stabilisatoren (Diphosphate, Triphosphate), Zwiebelextrak), Wasser, Zwiebeln, Gurken, Tomatenmark, modifizierte Stärke, SENF (Wasser, SENFSAATEN, Branntweinessig, Speisesalz, Gewürze), Zucker, jodiertes Speisesal, Aroma (enthält SELLERIE), Branntweinessig, Verdickungsmittel (Guarkernmehl), karamellisierter Zucker, Gewürze. Enthält: GLUTEN, SENF, SELLERIE und SULFIT. Kann Spuren von EI und MILCH enthalten.",77,323,"1,1","0,3",12,"5,1","3,6","1,5",https://www.edeka24.de/Lebensmittel/Fertiggerichte/Gerichte-zum-Erhitzen/Sonnen-Bassermann-Mein-Leichter-Genuss-Zwiebel-Hackbraten-400G.html,https://www.edeka24.de/out/pictures/generated/product/1/540_540_90/sonnen_bassermann_mein_leichter_genuss_zwiebelhackbraten.jpg
3526,Lebensmittel,Fertiggerichte,Gerichte zum Erhitzen,Sonnen Bassermann Hacksteak 480G,"3,99 €","8,31 €/kg","inkl. MwSt., zzgl. 4.95 € Versandkosten.",lieferbar innerhalb von 2-5 Werktagen,2023-05-03 02:13:48.035371,Hacksteaks in Sauce mit Kartoffelpüree und buntem Gemüse,,"Verantwortliches Lebensmittelunternehmen:
Struik Foods Deutschland GmbH, Postfach 1122 D - 14547 Beelitz","Zutatenverzeichnis: Kartoffelpüree (35%) (Wasser, Kartoffeln, Rapsöl, jodiertes Speisesalz, Emulgator (Mono- und Diglyceride von Speisefettsäuren), Stabilisator (Diphosphate), Antioxidationsmittel (NatriummetabiSULFIT, Fettsäureester der Ascorbinsäure, Ascorbinsäure), Gewürze), Wasser, Hacksteak (17%) (Schweinefleisch, z.T. fein zerkleinert, Paniermehl (WEIZENmehl, Wasser, Speisesalz, Hefe), Zwiebeln, WEIZENeiweiß, Wasser, Rapsöl, Speisesalz, Gewürze, SENFmehl), Erbsen (5%), Möhren (4%), Mais (2%), Zwiebeln, modifizierte Stärke, jodiertes Speisesalz, Zucker, Rapsöl, Verdickungsmittel (Cellulosegummi, Guarkernmehl), Gewürze, Aroma (enthält SELLERIE), karamellisierter Zucker, Antioxidationsmittel (Ascorbinsäure). Kann Spuren von Milch und Ei enthalten.",90,379,"3,7","1,1","9,1","1,6","4,6","1,3",https://www.edeka24.de/Lebensmittel/Fertiggerichte/Gerichte-zum-Erhitzen/Sonnen-Bassermann-Hacksteak-480G.html,https://www.edeka24.de/out/pictures/generated/product/1/540_540_90/sonnen_bassermann_hacksteak_480g.jpg
3527,Lebensmittel,Fertiggerichte,Gerichte zum Erhitzen,Erasco Rinderroulade in Sauce mit Nudeln & Apfelrotkohl 460G,"3,99 €","8,67 €/kg","inkl. MwSt., zzgl. 4.95 € Versandkosten.",lieferbar innerhalb von 2-5 Werktagen,2023-05-03 02:13:51.478331,-,,"Verantwortliches Lebensmittelunternehmen:
GB Foods Deutschland GmbH, Geniner Straße 88-100, 23560 Lübeck","Zutatenverzeichnis: gegarte Nudelzubereitung 31% (Wasser, HARTWEIZENGRIEß (GLUTEN), HÜHNEREI, Rapsöl, Verdickungsmittel: Guarkernmehl, Emulgator: Sonnenblumenlecithine, Reismehl, Speisesalz, Antioxidationsmittel: Ascorbinsäure, Dextrose), Apfelrotkohl 20% (Rotkohl, Wasser, Äpfel, Zucker, Apfelsaftkonzentrat, modifizierte Stärke, Speisesalz, Rapsöl, Verdickungsmittel: Cellulosegummi und Guarkernmehl, Antioxidationsmittel: Ascorbinsäure, Branntweinessig, Gewürze, Johannisbeersaftkonzentrat), Rinderroulade 19% (Rindfleisch 56%, Schweinefleisch, Gewürzgurken (Gurken, Wasser, Branntweinessig, Speisesalz), Zwiebeln, Paniermehl (WEIZENMEHL (GLUTEN), Wasser, Speisesalz, Hefe), SENF (Wasser, SENFSAATEN, Speisesalz, Zucker, Branntweinessig, Gewürze), Wasser, Gewürze, Speisesalz, Kartoffelstärke), Wasser, Zwiebeln, SENF (Wasser, SENFSAATEN, Branntweinessig, Speisesalz, Gewürze), Tomatenmark, modifizierte Stärke, Gurken, Zucker, Speisesalz, Gewürze, Branntweinessig, SAHNE, Rapsöl, karamellisierter Zucker, Verdickungsmittel: Cellulosegummi und Guarkernmehl, Sambal Oelek (Chili, Paprika, Wasser, Speisesalz). Kann Spuren von SELLERIE, SOJA, ERDNÜSSEN und SCHALENFRÜCHTEN enthalten.",417,99,"2,9","0,7",12,"4,1","4,9","0,94",https://www.edeka24.de/Lebensmittel/Fertiggerichte/Gerichte-zum-Erhitzen/Erasco-Rinderroulade-in-Sauce-mit-Nudeln-Apfelrotkohl-460G.html,https://www.edeka24.de/out/pictures/generated/product/1/540_540_90/erasco_rinderroulade_in_sauce_mit_nudeln_amp_apfelrotkohl_460g.jpg
3528,Lebensmittel,Fertiggerichte,Gerichte zum Erhitzen,Erasco Menü Hacksteaks 480G,"3,99 €","8,31 €/kg","inkl. MwSt., zzgl. 4.95 € Versandkosten.",lieferbar innerhalb von 2-5 Werktagen,2023-05-03 02:13:54.915161,Hacksteaks in Sauce mit Kartoffelpüree und Gemüse (Erbsen und Möhren),,"Verantwortliches Lebensmittelunternehmen:
GB Foods Deutschland GmbH, Geniner Straße 88-100, 23560 Lübeck","Zutatenverzeichnis: Wasser, Kartoffelpüree 23% (Wasser, Kartoffeln, Rapsöl, Speisesalz, Emulgator: Mono- und Diglyceride von Speisefettsäuren, Stabilisator: Diphosphate, Antioxidationsmittel: NATRIUMMETABISULFIT, Ascorbinsäure, Gewürze), Hacksteaks 14% (Schweinefleisch, z.T. fein zerkleinert, Zwiebeln, PANIERMEHL (WEIZENMEHL (GLUTEN), Wasser, Speisesalz, Hefe), Speisesalz, MAGERMILCHPULVER, Hefeextrakt, Dextrose, Aroma, Zucker, Maltodextrin, Gewürzextrakte, Rapsöl), Erbsen 11%, Möhren 9%, SENF (Wasser, SENFSAATEN, Branntweinessig, Speisesalz, Gewürze), Zwiebeln, Zucker, Tomatenmark, modifizierte Stärke, Speisesalz, Petersilie, Verdickungsmittel: Cellulosegummi und Guarkernmehl, Rapsöl, Gewürze, karamellisierter Zucker, SAHNE, Branntweinessig, Hefeextrakt, geräucherte Maltodextrin-Salz-Zubereitung (Maltodextrin, Salz, Rauch), Antioxidationsmittel Ascorbinsäure. Kann Spuren von SELLERIE, EI , SOJA, ERDNÜSSEN und SCHALENFRÜCHTEN enthalten.",390,93,"4,1","1,4",9,"2,8","3,8","0,93",https://www.edeka24.de/Lebensmittel/Fertiggerichte/Gerichte-zum-Erhitzen/Erasco-Menue-Hacksteaks-480G.html,https://www.edeka24.de/out/pictures/generated/product/1/540_540_90/erasco_menamp252_hacksteaks_480g.jpg
3529,Lebensmittel,Fertiggerichte,Gerichte zum Erhitzen,Erasco 2 Kohlrouladen 800G,"4,49 €","5,61 €/kg","inkl. MwSt., zzgl. 4.95 € Versandkosten.",lieferbar innerhalb von 2-5 Werktagen,2023-05-03 02:13:58.364356,"Schweinefleischfüllung, umhüllt von Weißkohlblättern in einer dunklen Sauce",,"Verantwortliches Lebensmittelunternehmen:
GB FOODS DEUTSCHLAND GMBH, Geniner Straße 88-100, 23560 Lübeck","Zutatenverzeichnis: Wasser, 45% angeschmorte Kohlrouladen (51% Weißkohl, 38% Schweinefleisch, Zwiebeln, Salz, Gewürze, Paniermehl (WEIZENMEHL (GLUTEN), Roggenmehl (GLUTEN), Wasser, Salz, Hefe, Schweinefett)), Tomatenkonzentrat, modifizierte Stärke, Salz, Kochsalzersatz (Kaliumchlorid), WEIZENEMEL (GLUTE), Zucker, Gewürze, Aromen, Hefeextrakt. Kann Spuren von SELLERIE, SOJA, MILCH, EI, SENF und SESAM enthalten.",297,71,4,"1,3",4,"1,8","4,2","0,9",https://www.edeka24.de/Lebensmittel/Fertiggerichte/Gerichte-zum-Erhitzen/Erasco-2-Kohlrouladen-800G.html,https://www.edeka24.de/out/pictures/generated/product/1/540_540_90/erasco_2_kohlrouladen_800g.jpg
3530,Lebensmittel,Fertiggerichte,Gerichte zum Erhitzen,Erasco Mexikanisches Chili con Carne 800G,"4,29 €","5,36 €/kg","inkl. MwSt., zzgl. 4.95 € Versandkosten.",lieferbar innerhalb von 2-5 Werktagen,2023-05-03 02:14:02.293509,-,,"Verantwortliches Lebensmittelunternehmen:
GB FOODS DEUTSCHLAND GMBH, Geniner Straße 88-100, 23560 Lübeck","Zutatenverzeichnis: 26% gekochte rote Bohnen, 20% passierte und gewürfelte Tomaten, Wasser, 10% gekochte weiße Bohnen, 9,7% gehacktes Schweine- und Rindfleisch, 3,4% Möhren, 3,4% Zwiebeln, 3,4% Mais, 2,3% roter Paprika, 1,2% grüne Peperoni, Salz, Kochsalzersatz (Kaliumchlorid), Aroma (enthält SELLERIE), modifizierte Stärke, Zucker, Gewürze (enthält SENF), Knoblauchpulver, Rapsöl, Dextrose, färbender Paprikaextrakt, Verdickungsmittel: Guarkernmehl, Johannisbrotkernmehl und Xanthan. Kann Spuren von WEIZEN (GLUTEN) ,MILCH, SOJA und EI enthalten.",97,408,3,"1,2","9,8","1,9","5,4","0,78",https://www.edeka24.de/Lebensmittel/Fertiggerichte/Gerichte-zum-Erhitzen/Erasco-Mexikanisches-Chili-con-Carne-800G.html,https://www.edeka24.de/out/pictures/generated/product/1/540_540_90/erasco_mexikanisches_chili_con_carne_800_g.jpg
3532,Lebensmittel,Fertiggerichte,Gerichte zum Erhitzen,Sonnen Bassermann Spaghetti Bolognese 375G,"3,99 €","10,64 €/kg","inkl. MwSt., zzgl. 4.95 € Versandkosten.",lieferbar innerhalb von 2-5 Werktagen,2023-05-03 02:14:09.870822,Spaghetti Bolognese mit Fleisch in feinwürziger Tomatensauce,,"Verantwortliches Lebensmittelunternehmen:
Sonnen Bassermann Deutschland GmbH, Postfach 11 14, D - 14547 Beelitz (Brandenburg)","Zutatenverzeichnis: Spaghettizubereitung, gegart (46%) (Wasser, HARTWEIZENGRIEß, HÜHNEREI-EIWEIßPULVER, Rapsöl, jodiertes Speisesalz, Verdickungsmittel (Guarkernmehl), Emulgator (Sonnenblumenlecithine), Reismehl, Antioxidationsmittel (Ascorbinsäure), Dextrose, Aroma (enthält MILCH)), Tomaten (12%), gewürztes Schweine-Hackfleischerzeugnis (10%) (Schweinefleisch, Wasser, Speisesalz, Stabilisator (Diphosphate)), Tomatenmark, Wasser, Paprika (3%), Champignons (2%), Zwiebeln, Zucker, Rapsöl, modifizierte Stärke, Gewürze, jodiertes Speisesalz, Verdickungsmittel (Guarkernmehl), Kräuter, Säuerungsmittel (Citronensäure), Antioxidationsmittel (Ascorbinsäure).",96,402,"2,3","0,3",13,"3,1","4,5",1,https://www.edeka24.de/Lebensmittel/Fertiggerichte/Gerichte-zum-Erhitzen/Sonnen-Bassermann-Spaghetti-Bolognese-375G.html,https://www.edeka24.de/out/pictures/generated/product/1/540_540_90/sonnen_bassermann_spaghetti_bolognese.jpg
3533,Lebensmittel,Fertiggerichte,Gerichte zum Erhitzen,Erasco Cevapcici in würziger Sauce mit Balkan-Reis 375G,"3,99 €","10,64 €/kg","inkl. MwSt., zzgl. 4.95 € Versandkosten.",lieferbar innerhalb von 2-5 Werktagen,2023-05-03 02:14:13.909718,Cevapcici (Hackfleischröllchen) in Sauce mit Tomaten-Reis,,"Verantwortliches Lebensmittelunternehmen:
GB FOODS DEUTSCHLAND GMBH, Geniner Straße 88-100, 23560 Lübeck","Zutatenverzeichnis: Reiszubereitung, gegart mit Tomaten und Mais 37% (Wasser, Langkornreis, Tomaten 10%, Mais 4% Tomatenmark, Speisesalz, Rapsöl, Verdickungsmittel: Guarkernmehl, Emulgator: Sonnenblumenlecithine, Reismehl, Säuerungsmittel: Citronensäure, Antioxidationsmittel: Ascorbinsäure, Dextrose), Wasser, Cevapcici 20%, (Schweinefleisch z.T. fein zerkleinert, Wasser, Speisesalz, Gewürze, Dextrose, Rapsöl), Paprika 6%, Tomatenmark, Zwiebeln, Zucker, SAHNE, Stärke, Gewürze, Knoblauch, SENF (Wasser, SENFSAATEN, Branntweinessig, Speisesalz, Gewürze), Speisesalz, Verdickungsmittel: Cellulosegummi und Guarkernmehl. Kann Spuren von GLUTEN, SELLERIE, EI, SOJA, ERDNÜSSEN und SCHALENFRÜCHTEN enthalten.",496,118,"4,4","1,6",14,"3,1","4,9","0,84",https://www.edeka24.de/Lebensmittel/Fertiggerichte/Gerichte-zum-Erhitzen/Erasco-Cevapcici-in-wuerziger-Sauce-mit-Balkan-Reis-375G.html,https://www.edeka24.de/out/pictures/generated/product/1/540_540_90/erasco_menamp252_cevapcici_375g.jpg
3534,Lebensmittel,Fertiggerichte,Gerichte zum Erhitzen,Sonnen Bassermann Mein Schlemmergulasch 480G,"3,99 €","8,31 €/kg","inkl. MwSt., zzgl. 4.95 € Versandkosten.",lieferbar innerhalb von 2-5 Werktagen,2023-05-03 02:14:17.306409,"Schlemmergulasch aus Schweinegulasch mit Paprika, Reis und feinem Gemüse",,"Verantwortliches Lebensmittelunternehmen:
Struik Foods Deutschland GmbH, Clara-Zetkin-Straße 8-15, D-14547 Beelitz (Brandenburg)","Zutatenverzeichnis: Reiszubereitung gegart (27 %) (Wasser, Langkornreis, Speisesalz, Rapsöl, Verdickungsmittel (Guarkernmehl), Emulgator (Sonnenblumenlecithine), Reismehl, Säuerungsmittel (Citronensäure), Antioxidationsmittel (Ascorbinsäure), Traubenzucker), Wasser, mariniertes Schweinefleisch (14 %) (Schweinefleisch (95 %), Wasser, Speisesalz, Traubenzucker, Antioxidationsmittel (Natriumisoascorbat)), Zwiebeln (7 %), Möhren (5 %), Erbsen (5 %), Paprika (5 %), SELLERIE, Tomatenmark, modifizierte Stärke, Gewürze, Zucker, SENF (Wasser, SENFSAATEN, Branntweinessig, Speisesalz, Gewürze), Verdickungsmittel (Cellulosegummi, Guarkernmehl), Rapsöl, Speisesalz, Petersilie, Hefeextrakt, karamellisierter Zucker, Branntweinessig, SAHNE, Antioxidationsmittel (Ascorbinsäure). Kann Spuren von GLUTEN, EI, SULFIT, SOJA, ERDNÜSSEN, SCHALENFRÜCHTEN und FISCH enthalten.",400,95,"1,5","0,5",15,"2,5","4,2","0,65",https://www.edeka24.de/Lebensmittel/Fertiggerichte/Gerichte-zum-Erhitzen/Sonnen-Bassermann-Mein-Schlemmergulasch-480G.html,https://www.edeka24.de/out/pictures/generated/product/1/540_540_90/sonnen_bassermann_mein_schlemmergulasch_480g.jpg
3535,Lebensmittel,Fertiggerichte,Gerichte zum Erhitzen,Maggi Ravioli Diavoli 800G,"3,29 €","4,11 €/kg","inkl. MwSt., zzgl. 4.95 € Versandkosten.",lieferbar innerhalb von 2-5 Werktagen,2023-05-03 02:14:20.467156,Ravioli in scharfer Tomaten-Paprika-Sauce,Hinweis zur Aufbewahrung: Bitte trocken lagern.,"Verantwortliches Lebensmittelunternehmen:
Maggi GmbH, 78221 Singen","Zutatenverzeichnis: 72,1% Tomaten-Paprikasauce ((Wasser, 28,9% Tomatenmark**, 4,1 % grüne Paprika, 3,6 % rote Paprika**, Zucker, Jodsalz, modifizierte Stärke, Gewürze, Weinessig, Aromen, Sonnenblumenöl, Lorbeer), 27,7 % Ravioli (HARTWEIZENGRIEß, Wasser, Paniermehl, (WEIZENMEHL, Hefe, Jodsalz), Schweinefleisch, WEIZENEIWEIß, Sonnenblumenöl, WEIZNEMEHL, Speck, Gewürze Jodsalz, Hefeextrakt, Kräuter, Aromen (mit GERSTE)).**Anteil in Tomaten-Paprikasauce. Kann EIER, SOJA, MILCH, SELLERIE und SENF enthalten.",354,84,"1,6","0,4","13,9","3,3",3,"0,93",https://www.edeka24.de/Lebensmittel/Fertiggerichte/Gerichte-zum-Erhitzen/Maggi-Ravioli-Diavoli-800G.html,https://www.edeka24.de/out/pictures/generated/product/1/540_540_90/maggiraviolidiavoli.jpg
3536,Lebensmittel,Fertiggerichte,Gerichte zum Erhitzen,Strähl Käse Fondue Classic 400G,"5,29 €","13,23 €/kg","inkl. MwSt., zzgl. 4.95 € Versandkosten.",lieferbar innerhalb von 2-5 Werktagen,2023-05-03 02:14:24.049526,-,Hinweis zur Aufbewahrung: Vor Wärme schützen,"Verantwortliches Lebensmittelunternehmen:
Strähl Käse AG, Maggistrasse 5, 78224 Singen","Zutatenverzeichnis: SCHWEIZER KÄSE (53%), Weisswein, Wasser, Kartoffelstärke, Kirschwasser, Schmelzsalze (Natriumphosphat, Polyphosphat), Speisesalz, natürliche Aromaextrakte.",986,237,16,10,3,"0,5",15,"1,2",https://www.edeka24.de/Lebensmittel/Fertiggerichte/Gerichte-zum-Erhitzen/Straehl-Kaese-Fondue-Classic-400G.html,https://www.edeka24.de/out/pictures/generated/product/1/540_540_90/strhl_kse_fondue_classic.jpg
3537,Lebensmittel,Fertiggerichte,Gerichte zum Erhitzen,Heine's Ragout Fin 400G,"3,99 €","9,98 €/kg","inkl. MwSt., zzgl. 4.95 € Versandkosten.",lieferbar innerhalb von 2-5 Werktagen,2023-05-03 02:14:28.301982,"Mit Geflügel-, Kalbfleisch und Champignons, tafelfertig",,"Verantwortliches Lebensmittelunternehmen:
H. Redlefsen GmbH & Co. KG, Hans-Redlefsen-Str. 1, D-24986 Satrup","Zutatenverzeichnis: Trinkwasser, Hähnchenfleisch (18%), Kalbfleisch (15%), Putenfleisch (8%), Champignons (7%), modifizierte Stärke, SAHNE, Pflanzenfett, WEIZENMEHL, MILCHEIWEIß, EI, jodiertes Speisesalz, Gewürze, Gewürzextrakte (mit SENF, SELLERIE), Zitronensaft, DEXTROSE, Würze, Säurungsmittel: Citronensäure",558,134,10,"3,6",3,"1,5",8,"1,25",https://www.edeka24.de/Lebensmittel/Fertiggerichte/Gerichte-zum-Erhitzen/Heine-s-Ragout-Fin-400G.html,https://www.edeka24.de/out/pictures/generated/product/1/540_540_90/heine039s_ragout_fin.jpg
3538,Lebensmittel,Fertiggerichte,Gerichte zum Erhitzen,Maggi Ravioli Gemüse 800G,"3,29 €","4,11 €/kg","inkl. MwSt., zzgl. 4.95 € Versandkosten.",lieferbar innerhalb von 2-5 Werktagen,2023-05-03 02:14:31.796163,"Gemüse-Ravioli in Tomaten-Gemüsesauce, 33% Gemüse",Hinweis zur Aufbewahrung: Bitte trocken lagern.,,"Zutatenverzeichnis: 74,5% Tomaten-Gemüsesauce [Wasser, 30,6% Tomatenmark*, 4% Karotten*, Zwiebeln, 1,7% Erbsen*, 1,2% Mais*, 1,2% Lauch*, Kürbis, 0,7% Paprika*, 0,3% Tomaten*, Zucker, Jodsalz, Branntweinessig, modifizierte Stärke, Sonnenblumenöl, Gewürze, Weinessig, Verdickungsmittel Guarkernmehl, Aromen, Oregano], 25,5% Ravioli [HARTWEIZENGRIESS, Wasser, Paniermehl (WEIZENMEHL, Hefe, Jodsalz), WEIZENMEHL, Sonnenblumenöl, WEIZENEIWEISS, Kartoffelstärke, Erbsenmehl, Jodsalz, Karotten, Zwiebeln, Spinat, Paprika, Gewürze, Aromen]. Kann SELLERIE, EIER, MILCH, SENF und SOJA enthalten. *Anteil in Tomaten-Gemüsesauce",344,82,"1,3","0,1","13,7","3,3","2,9","0,96",https://www.edeka24.de/Lebensmittel/Fertiggerichte/Gerichte-zum-Erhitzen/Maggi-Ravioli-Gemuese-800G.html,https://www.edeka24.de/out/pictures/generated/product/1/540_540_90/maggiravioligemse.jpg
3539,Lebensmittel,Fertiggerichte,Gerichte zum Erhitzen,Simon Sauerbraten 400G,"5,49 €","13,73 €/kg","inkl. MwSt., zzgl. 4.95 € Versandkosten.",lieferbar innerhalb von 2-5 Werktagen,2023-05-03 02:14:34.816089,Sauerbraten in süß-saurer Sauce,,"Verantwortliches Lebensmittelunternehmen:
Werner Simon GmbH & Co. KG, Philipp-Oehmigke-Str. 4, 16816 Neuruppin am See","Zutatenverzeichnis: 50% Rindfleisch, Trinkwasser, WEIZENMEHL, Branntweinessig, Zucker, Tomatenmark, Speisesalz, Rapsöl, MILCHPULVER, Senf (Trinkwasser, SENFKÖRNER, Zucker, Branntweinessig, Säureregulator: Citronensäure, Gewürzextrakt), Trockengemüse (Zwiebeln, Porree, SELLERIE, Karotten), Gewürze, Maisstärke, Farbstoff: Karamell, Paprikaextrakt.",72,304,"1,5","0,6","5,5","2,4",9,"1,2",https://www.edeka24.de/Lebensmittel/Fertiggerichte/Gerichte-zum-Erhitzen/Simon-Sauerbraten-400G.html,https://www.edeka24.de/out/pictures/generated/product/1/540_540_90/simon_sauerbraten_400g.jpg
3540,Lebensmittel,Fertiggerichte,Suppen zum Anrühren,Maggi Guten Appetit Fleischklößchen Suppe ergibt 750ML,"1,09 €","1,45 €/l","inkl. MwSt., zzgl. 4.95 € Versandkosten.",lieferbar innerhalb von 2-5 Werktagen,2023-05-03 02:14:38.022775,-,,"Verantwortliches Lebensmittelunternehmen:
Maggi GmbH, 78221 Singen (Hohentwiel)","Zutatenverzeichnis: Nudeln (WEIZENMEHL, WEIZENDUNST, HÜHNEREI-EIWEIß), Jodsalz, 10% Rindfleischklößchen (Rindfleisch, WEIZENMEHL, Salz, Zwiebeln, Rinderfett, HÜHNEREI-EIWEIß, Gewürze, Antioxidationsmittel Extrakt aus Rosmarin), Zucker, Hefeextrakt, Petersilie, Gewürze (Kurkuma, Koriander, Pfeffer, Zwiebeln), Würze (aus WEIZEN), Palmfett, Aromen (mit WEIZEN), Maltodextrin. Kann SELLERIE, MILCH, SENF und SOJA enthalten.",115,27,"0,3","0,1",5,"0,2",1,"0,91",https://www.edeka24.de/index.php?cl=details&anid=8bcbce6c6b71ed92a35c014e82c6af58&emcs0=3&emcs1=Kategorieseite%20-%20Topseller&emcs2=&emcs3=4453817002,https://www.edeka24.de/out/pictures/generated/product/1/540_540_90/maggi_guten_appetit_fleischklchen_suppe_fr_750ml.jpg
3541,Lebensmittel,Fertiggerichte,Suppen zum Anrühren,Maggi Guten Appetit Grießklößchen Suppe ergibt 1L,"1,09 €","1,09 €/l","inkl. MwSt., zzgl. 4.95 € Versandkosten.",lieferbar innerhalb von 2-5 Werktagen,2023-05-03 02:14:41.842004,-,,"Verantwortliches Lebensmittelunternehmen:
Maggi GmbH, 78221 Singen (Hohentwiel)","Zutatenverzeichnis: 60 % Grießklößchen (WEIZENGRIESS*, Palmfett, HÜHNEREI-EIWEISS*, EIGELB*, MILCHZUCKER*, Jodsalz, WEIZENMEHL*, Muskatnuss*), Jodsalz, Zucker*, Kartoffelstärke*, Aromen (mit WEIZEN, SELLERIEÖL), Hefeextrakt, Mineralsalz Kalium, Lauch*, 0,8 % Karotten*, Zwiebeln*, SELLERIE*, Tomaten*, Gewürze (Muskatnuss, Kurkuma)*, Petersilie*, Salz*, Sonnenblumenöl*, Palmfett, Würze (aus WEIZEN)*. Kann MILCH, SENF und SOJA enthalten. *Natürliche Zutaten",17,73,"0,5","0,3","2,2","0,6","0,7","0,75",https://www.edeka24.de/index.php?cl=details&anid=52ed9b35f3cca1e53e57f2f5002b659d&emcs0=3&emcs1=Kategorieseite%20-%20Topseller&emcs2=&emcs3=2861657003,https://www.edeka24.de/out/pictures/generated/product/1/540_540_90/maggi_guten_appetit_suppe_grieamp223klamp246amp223chen_famp252r_1l.jpg
3542,Lebensmittel,Fertiggerichte,Suppen zum Anrühren,Maggi Guten Appetit Rindfleisch Suppe ergibt 1L,"1,09 €","1,09 €/l","inkl. MwSt., zzgl. 4.95 € Versandkosten.",lieferbar innerhalb von 2-5 Werktagen,2023-05-03 02:14:45.558730,-,,"Verantwortliches Lebensmittelunternehmen:
Maggi GmbH, 78221 Singen (Hohentwiel)","Zutatenverzeichnis: 76,5 % Nudeln (WEIZENMEHL, HÜHNEREI-EIWEIß), Jodsalz, Zucker, 0,5 % Karotten, Schnittlauch, Gewürze (Koriander, Pfeffer, Kurkuma, Muskatnuss), Rindfleischextrakt, Kartoffelstärke, Aromen (mit WEIZEN, SELLERIE), Palmfett, Salz, Hefeextrakt, Maltodextrin, Säuerungsmittel Citronensäure. Kann MILCH, SENF und SOJA enthalten.",120,28,"0,2","0,1","5,5","0,4","0,9","0,96",https://www.edeka24.de/index.php?cl=details&anid=319f4ae644da80b541ff85664d6db442&emcs0=3&emcs1=Kategorieseite%20-%20Topseller&emcs2=&emcs3=2876585001,https://www.edeka24.de/out/pictures/generated/product/1/540_540_90/maggi_guten_appetit_rindfleisch_suppe_famp252r_1l.jpg
3543,Lebensmittel,Fertiggerichte,Suppen zum Anrühren,Knorr Suppenliebe Buchstaben Suppe 82G,"1,09 €","13,29 €/kg","inkl. MwSt., zzgl. 4.95 € Versandkosten.",lieferbar innerhalb von 2-5 Werktagen,2023-05-03 02:14:48.905070,Klare Suppe mit Nudeln,,"Verantwortliches Lebensmittelunternehmen:
Unilever Deutschland, Postfach 57 05 50, 22774 Hamburg","Zutatenverzeichnis: 80% HARTWEIZENGRIESSTEIGWAREN¹, jodiertes Speisesalz, Stärke¹, Hefeextrakt, Palmöl, Kochsalzersatz³, Speisesalz, 0,6% Zwiebeln¹², Sojasaucenpulver (Maltodextrin, Speisesalz, Sojasauce (SOJABOHNEN, WEIZEN)), 0,2% Karotten¹², Gewürze¹ (SELLERIESAMEN, Muskatnuss, Curcuma, Knoblauch², Pfeffer), Petersilie¹², Aromen, Gemüsesaftkonzentrate² (Zwiebel, SELLERIE, Karotte, Lauch), Sonnenblumenöl. Kann andere GLUTENHALTIGE GETREIDE, MILCH, EI und SENF enthalten. ¹ Natürliche Zutaten sind mit einem Sternchen gekennzeichnet. ² Aus nachhaltigem Anbau. ³ Gewonnen aus natürlichen Kaliummineralien.",161,39,"0,5","0,2","6,9","0,5","1,5","0,84",https://www.edeka24.de/index.php?cl=details&anid=3bf4293e4ba0b9a5744a3968a3113a3c&emcs0=3&emcs1=Kategorieseite%20-%20Topseller&emcs2=&emcs3=2137600001,https://www.edeka24.de/out/pictures/generated/product/1/540_540_90/knorr_suppenliebe_buchstaben_suppe_82g.jpg
3544,Lebensmittel,Fertiggerichte,Suppen zum Anrühren,Maggi Guten Appetit Sonntags Suppe ergibt 750ML,"1,09 €","1,45 €/l","inkl. MwSt., zzgl. 4.95 € Versandkosten.",lieferbar innerhalb von 2-5 Werktagen,2023-05-03 02:14:52.277332,-,,"Verantwortliches Lebensmittelunternehmen:
Maggi GmbH, 78221 Singen (Hohentwiel)","Zutatenverzeichnis: 56,1% Nudeln (HARTWEIZENGRIEß), Jodsalz, 10,5% grüne Gemüseklößchen (WEICHWEIZENGRIEß, Palmfett, EIGELB, HÜHNEREI-EIWEISS, MILCHZUCKER, Jodsalz, Spinat,WEIZENMEHL, Broccoli, Petersilie, Muskatnuss), 10,5% Grießklößchen (WEIZENGRiEß, Palmfett, HÜHNEREI-EIWEIß, EIGELB, MILCHZUCKER, Jodsalz, WEIZENMEHL, Muskatnuss), Zucker, 1,9% Gemüse (1,4% Karotten, Lauch, Zwiebeln), Petersilie, Gewürze (Koriander, Pfeffer, Kurkuma), Kartoffelstärke, Würze (aus WEIZEN), Salz, Palmfett, Hefeextrakt, Maltodextrin, Aromen (mit WEIZEN). Kann MILCH, SOJA, SELLERIE und SENF enthalten.",109,26,"0,4","0,2","4,4","0,4",1,"0,64",https://www.edeka24.de/index.php?cl=details&anid=0e3125058682706ef902a96a9d6539f2&emcs0=3&emcs1=Kategorieseite%20-%20Topseller&emcs2=&emcs3=2861662005,https://www.edeka24.de/out/pictures/generated/product/1/540_540_90/maggi_guten_appetit_sonntags_suppe_famp252r_075l.jpg
3545,Lebensmittel,Fertiggerichte,Suppen zum Anrühren,Maggi Guten Appetit Grießklößchen Suppe ergibt 1L,"1,09 €","1,09 €/l","inkl. MwSt., zzgl. 4.95 € Versandkosten.",lieferbar innerhalb von 2-5 Werktagen,2023-05-03 02:14:55.673272,-,,"Verantwortliches Lebensmittelunternehmen:
Maggi GmbH, 78221 Singen (Hohentwiel)","Zutatenverzeichnis: 60 % Grießklößchen (WEIZENGRIESS*, Palmfett, HÜHNEREI-EIWEISS*, EIGELB*, MILCHZUCKER*, Jodsalz, WEIZENMEHL*, Muskatnuss*), Jodsalz, Zucker*, Kartoffelstärke*, Aromen (mit WEIZEN, SELLERIEÖL), Hefeextrakt, Mineralsalz Kalium, Lauch*, 0,8 % Karotten*, Zwiebeln*, SELLERIE*, Tomaten*, Gewürze (Muskatnuss, Kurkuma)*, Petersilie*, Salz*, Sonnenblumenöl*, Palmfett, Würze (aus WEIZEN)*. Kann MILCH, SENF und SOJA enthalten. *Natürliche Zutaten",17,73,"0,5","0,3","2,2","0,6","0,7","0,75",https://www.edeka24.de/Lebensmittel/Fertiggerichte/Suppen-zum-Anruehren/Maggi-Guten-Appetit-Griesskloesschen-Suppe-ergibt-1L.html,https://www.edeka24.de/out/pictures/generated/product/1/540_540_90/maggi_guten_appetit_suppe_grieamp223klamp246amp223chen_famp252r_1l.jpg
3546,Lebensmittel,Fertiggerichte,Suppen zum Anrühren,Maggi Guten Appetit Milde Blumenkohl-Broccoli Cremesuppe ergibt 750ML,"1,09 €","1,45 €/l","inkl. MwSt., zzgl. 4.95 € Versandkosten.",lieferbar innerhalb von 2-5 Werktagen,2023-05-03 02:14:59.154119,Blumenkohl-Broccoli Cremesuppe,,"Verantwortliches Lebensmittelunternehmen:
Maggi GmbH, 78221 Singen (Hohentwiel)","Zutatenverzeichnis: Kartoffelstärke*, WEIZENMEHL*, Maisstärke*, TROCKENMILCHERZEUGNIS*, MOLKENERZEUGNIS, Jodsalz, Zucker*, 4,7 % Blumenkohl*, 4,4 % Broccoli*, Aromen (mit WEIZEN), Hefeextrakt, Gewürze (Zwiebeln, Kurkuma, Muskatnuss)*, Spinat*, Sonnenblumenöl*, Mineralsalz Kalium. Kann SELLERIE, EIER, SENF und SOJA enthalten. *Natürliche Zutaten.",26,108,"0,3","0,1","4,6","1,2",1,"0,72",https://www.edeka24.de/Lebensmittel/Fertiggerichte/Suppen-zum-Anruehren/Maggi-Guten-Appetit-Milde-Blumenkohl-Broccoli-Cremesuppe-ergibt-750ML.html,https://www.edeka24.de/out/pictures/generated/product/1/540_540_90/maggi_guten_appetetit_suppe_blumenkohl_broccoli_famp252r_750ml.jpg
3547,Lebensmittel,Fertiggerichte,Suppen zum Anrühren,Maggi Guten Appetit Fleischklößchen Suppe ergibt 750ML,"1,09 €","1,45 €/l","inkl. MwSt., zzgl. 4.95 € Versandkosten.",lieferbar innerhalb von 2-5 Werktagen,2023-05-03 02:15:02.552431,-,,"Verantwortliches Lebensmittelunternehmen:
Maggi GmbH, 78221 Singen (Hohentwiel)","Zutatenverzeichnis: Nudeln (WEIZENMEHL, WEIZENDUNST, HÜHNEREI-EIWEIß), Jodsalz, 10% Rindfleischklößchen (Rindfleisch, WEIZENMEHL, Salz, Zwiebeln, Rinderfett, HÜHNEREI-EIWEIß, Gewürze, Antioxidationsmittel Extrakt aus Rosmarin), Zucker, Hefeextrakt, Petersilie, Gewürze (Kurkuma, Koriander, Pfeffer, Zwiebeln), Würze (aus WEIZEN), Palmfett, Aromen (mit WEIZEN), Maltodextrin. Kann SELLERIE, MILCH, SENF und SOJA enthalten.",115,27,"0,3","0,1",5,"0,2",1,"0,91",https://www.edeka24.de/Lebensmittel/Fertiggerichte/Suppen-zum-Anruehren/Maggi-Guten-Appetit-Fleischkloesschen-Suppe-ergibt-750ML.html,https://www.edeka24.de/out/pictures/generated/product/1/540_540_90/maggi_guten_appetit_fleischklchen_suppe_fr_750ml.jpg
3548,Lebensmittel,Fertiggerichte,Suppen zum Anrühren,Maggi Guten Appetit Spargel Cremesuppe ergibt 750ML,"1,09 €","1,45 €/l","inkl. MwSt., zzgl. 4.95 € Versandkosten.",lieferbar innerhalb von 2-5 Werktagen,2023-05-03 02:15:05.870359,-,,"Verantwortliches Lebensmittelunternehmen:
Maggi GmbH, 78221 Singen (Hohentwiel)","Zutatenverzeichnis: Mehlschwitze (WEIZENMEHL, Palmfett), Kartoffelstärke, Palmfett, Jodsalz, 5 % Spargel, MOLKENERZEUGNIS, Zucker, Schnittlauch, Kurkuma, MILCHEIWEISS, MILCHZUCKER, Sonnenblumenöl, Würze (aus WEIZEN), Aromen (mit WEIZEN), Salz, Säuerungsmittel Citronensäure.Kann SELLERIE, EIER, SENF und SOJA enthalten.",36,152,"2,1","1,2","3,8","0,7","0,5","0,85",https://www.edeka24.de/Lebensmittel/Fertiggerichte/Suppen-zum-Anruehren/Maggi-Guten-Appetit-Spargel-Cremesuppe-ergibt-750ML.html,https://www.edeka24.de/out/pictures/generated/product/1/540_540_90/maggi_guten_appetit_spargel_cremesuppe_ergibt_750ml.jpg
3549,Lebensmittel,Fertiggerichte,Suppen zum Anrühren,Maggi Guten Appetit Würzige Suppe Erbsen ergibt 750ML,"1,09 €","1,45 €/l","inkl. MwSt., zzgl. 4.95 € Versandkosten.",lieferbar innerhalb von 2-5 Werktagen,2023-05-03 02:15:09.044702,Erbsen Suppe mit Speck,,"Verantwortliches Lebensmittelunternehmen:
Maggi GmbH, 78221 Singen (Hohentwiel)","Zutatenverzeichnis: 64,2 % Erbsenmehl*, Jodsalz, 7,3 % geräucherter Speck (Speck, Rauch), Kartoffelstärke*, 3,9 % Schweinefleisch gemahlen und geräuchert (Schweinefleisch, Rauch), Salz, Gewürze (Zwiebeln, Kurkuma, Knoblauch)*, Hefeextrakt, Spinat*, Thymian*. Kann GLUTENHALTIGES GETREIDE, MILCH, EIER, SOJA, SENF und SELLERIE enthalten. *Natürliche Zutaten",24,101,"0,8","0,2",3,"0,2",1,"0,88",https://www.edeka24.de/Lebensmittel/Fertiggerichte/Suppen-zum-Anruehren/Maggi-Guten-Appetit-Wuerzige-Suppe-Erbsen-ergibt-750ML.html,https://www.edeka24.de/out/pictures/generated/product/1/540_540_90/maggi_guten_appetit_wrzige_suppe_erbsen_ergibt_750ml.jpg
3550,Lebensmittel,Fertiggerichte,Suppen zum Anrühren,Knorr Suppenliebe Spargel Cremesuppe 58G,"1,09 €","18,79 €/kg","inkl. MwSt., zzgl. 4.95 € Versandkosten.",lieferbar innerhalb von 2-5 Werktagen,2023-05-03 02:15:12.773630,Spargelcreme Suppe,,"Verantwortliches Lebensmittelunternehmen:
Unilever Deutschland, Postfach 57 05 50, 22774 Hamburg","Zutatenverzeichnis: Palmöl, Stärke, WEIZENMEHL, jodiertes Speisesalz, Zucker, 3,9% Spargelpulver², Hefeextrakt, Glukosesirup, MILCHEIWEISS, Kochsalzersatz³, Aromen, Zitronensaftpulver, Speisesalz, Schnittlauch², Curcuma. Kann andere GLUTENHALTIGE GETREIDE, EI, SOJA, SELLERIE und SENF enthalten. ² Aus nachhaltigem Anbau. ³ Gewonnen aus natürlichen Kaliummineralien.",151,36,"2,3","1,5","3,4","0,5","0,6","0,83",https://www.edeka24.de/Lebensmittel/Fertiggerichte/Suppen-zum-Anruehren/Knorr-Suppenliebe-Spargel-Cremesuppe-58G.html,https://www.edeka24.de/out/pictures/generated/product/1/540_540_90/knorr_suppenliebe_spargel_cremesuppe_58g.jpg
3551,Lebensmittel,Fertiggerichte,Suppen zum Anrühren,Maggi Guten Appetit Rindfleisch Suppe ergibt 1L,"1,09 €","1,09 €/l","inkl. MwSt., zzgl. 4.95 € Versandkosten.",lieferbar innerhalb von 2-5 Werktagen,2023-05-03 02:15:16.652760,-,,"Verantwortliches Lebensmittelunternehmen:
Maggi GmbH, 78221 Singen (Hohentwiel)","Zutatenverzeichnis: 76,5 % Nudeln (WEIZENMEHL, HÜHNEREI-EIWEIß), Jodsalz, Zucker, 0,5 % Karotten, Schnittlauch, Gewürze (Koriander, Pfeffer, Kurkuma, Muskatnuss), Rindfleischextrakt, Kartoffelstärke, Aromen (mit WEIZEN, SELLERIE), Palmfett, Salz, Hefeextrakt, Maltodextrin, Säuerungsmittel Citronensäure. Kann MILCH, SENF und SOJA enthalten.",120,28,"0,2","0,1","5,5","0,4","0,9","0,96",https://www.edeka24.de/Lebensmittel/Fertiggerichte/Suppen-zum-Anruehren/Maggi-Guten-Appetit-Rindfleisch-Suppe-ergibt-1L.html,https://www.edeka24.de/out/pictures/generated/product/1/540_540_90/maggi_guten_appetit_rindfleisch_suppe_famp252r_1l.jpg
3552,Lebensmittel,Fertiggerichte,Suppen zum Anrühren,Alnatura Bio Kartoffel-Lauch Cremesuppe 58G,"1,29 €","22,24 €/kg","inkl. MwSt., zzgl. 4.95 € Versandkosten.",lieferbar innerhalb von 2-5 Werktagen,2023-05-03 02:15:20.200176,-,Hinweis zur Aufbewahrung: Bitte trocken lagern und vor Wärme schützen.,"Verantwortliches Lebensmittelunternehmen:
Alnatura GmbH, Mahatma-Gandhi-Straße 7, 64295 Darmstadt","Zutatenverzeichnis: Kartoffelflocken* 60 %, WEIZENMEHL*, VOLLMILCHPULVER*, Meersalz, Lauch* 4,2 %, Karotten*, Zwiebeln*, Sonnenblumenöl*, Gemüsesaftkonzentrat* (Karotten*, Zwiebeln*), SELLERIE*, Petersilie*, Macis*, Kürbis* Kurkuma*, Liebstöckelblätter*, Liebstöckelwurzel*, Knoblauch*, Fenchelsamen* *aus biologischer Landwirtschaft. Kann Spuren von EI, SOJA und SENF enthalten.",148,35,"0,5","0,2","7,2","0,9","1,1","0,88",https://www.edeka24.de/Lebensmittel/Fertiggerichte/Suppen-zum-Anruehren/Alnatura-Bio-Kartoffel-Lauch-Cremesuppe-58G.html,https://www.edeka24.de/out/pictures/generated/product/1/540_540_90/4104420017986-alnatura-bio-kartoffel-lauch-cremesuppe.jpg
3553,Lebensmittel,Fertiggerichte,Suppen zum Anrühren,Maggi Für Genießer Rindfleisch Suppe ergibt 750ML,"1,39 €","1,85 €/l","inkl. MwSt., zzgl. 4.95 € Versandkosten.",lieferbar innerhalb von 2-5 Werktagen,2023-05-03 02:15:23.429501,"Klare Rindfleischsuppe mit 8,3% Rindfleischklößchen",,"Verantwortliches Lebensmittelunternehmen:
Maggi GmbH, 78221 Singen (Hohentwiel)","Zutatenverzeichnis: Nudeln (HARTWEIZENGRIESS), Jodsalz, 8,3 % Rindfleischklößchen [77,7 %** Rindfleisch, Stärke, Palmfett (teilweise gehärtet), HÜHNEREI-EIWEISS, Jodsalz, Gewürze], Aromen (mit GERSTE, SELLERIE), 3,3 % Gemüse (2 % Karotten, SELLERIE, Lauch), Kartoffelstärke, Rindfleischextrakt, Kräuter (Schnittlauch, Petersilie, SELLERIEBLÄTTER), Gewürze (Muskatnuss, Kurkuma, Koriander, Knoblauch), Sonnenblumenöl, Zucker, Palmfett, Hefeextrakt, Maltodextrin. Kann SOJA, MILCH und SENF enthalten. **Anteil in Klößchen",116,27,"0,4","0,2","4,5","0,2","1,3","0,82",https://www.edeka24.de/Lebensmittel/Fertiggerichte/Suppen-zum-Anruehren/Maggi-Fuer-Geniesser-Rindfleisch-Suppe-ergibt-750ML.html,https://www.edeka24.de/out/pictures/generated/product/1/540_540_90/maggi_fr_genieer_rindfleisch_suppe.jpg
3554,Lebensmittel,Fertiggerichte,Suppen zum Anrühren,Knorr Feinschmecker Spargel Suppe weiß & grün 55G,"1,39 €","25,27 €/kg","inkl. MwSt., zzgl. 4.95 € Versandkosten.",lieferbar innerhalb von 2-5 Werktagen (geringer Lagerbestand),2023-05-03 02:15:27.053872,Spargel Cremesuppe weiß & grün,,"Verantwortliches Lebensmittelunternehmen:
Unilever Deutschland, Postfach 57 05 50, 22774 Hamburg","Zutatenverzeichnis: Palmöl, WEIZENMEHL, Stärke, jodiertes Speisesalz, 6,7% weißer Spargel² (Pulver, Stücke), Gemüsemaispulver², Glukosesirup, Zucker, MILCHEIWEISS, Würze, 1,8% grüner Spargel², Kochsalzersatz4, MOLKENERZEUGNIS, Maltodextrin, MILCHZUCKER, Hefeextrakt, Schnittlauch², Zitronensaftpulver, Speisesalz, Curcuma, Aromen. Kann Spuren von EI, SELLERIE, SENF und SOJA enthalten. ² Aus nachhaltigem Anbau. 4 Gewonnen aus natürlichen Kaliummineralien.",221,53,"3,3",2,"4,6","0,9",1,"0,92",https://www.edeka24.de/Lebensmittel/Fertiggerichte/Suppen-zum-Anruehren/Knorr-Feinschmecker-Spargel-Suppe-weiss-gruen-55G.html,https://www.edeka24.de/out/pictures/generated/product/1/540_540_90/knorr_feinschmecker_spargel_suppe_wei_amp_grn_55g.jpg
3555,Lebensmittel,Fertiggerichte,Suppen zum Anrühren,Maggi Guten Appetit! Eiermuschel-Suppe ergibt 1L,"1,09 €","1,09 €/l","inkl. MwSt., zzgl. 4.95 € Versandkosten.",lieferbar innerhalb von 2-5 Werktagen,2023-05-03 02:15:30.865046,Klare Gemüsesuppe mit Nudeln,,"Verantwortliches Lebensmittelunternehmen:
Maggi GmbH, 78221 Singen (Hohentwiel)","Zutatenverzeichnis: 65,7% EIERNUDELN (HARTWEIZENGRIEß, 12,5%** EIER, HÜHNEREI-EIWEIß), Jodsalz, 4,9% Gemüse (Lauch, Karotten, SELLERIE), Zucker, Hefeextrakt, Petersilie, Gewürze (Kurkuma, Koriander, Pfeffer), Kartoffelstärke, Palmfett, Würze (aus WEIZEN), Maltodextrin, Aromen (mit WEIZEN, SELLERIEÖL, SENFÖL). Kann SOJA, MILCH und SENF enthalten. **Anteil in Nudeln",66,16,"0,2","0,1","2,8","1,2","0,7","0,91",https://www.edeka24.de/Lebensmittel/Fertiggerichte/Suppen-zum-Anruehren/Maggi-Guten-Appetit-Eiermuschel-Suppe-ergibt-1L.html,https://www.edeka24.de/out/pictures/generated/product/1/540_540_90/maggi_guten_appetit_eiermuschelsuppe.jpg
3556,Lebensmittel,Fertiggerichte,Suppen zum Anrühren,Knorr Suppenliebe Buchstaben Suppe 82G,"1,09 €","13,29 €/kg","inkl. MwSt., zzgl. 4.95 € Versandkosten.",lieferbar innerhalb von 2-5 Werktagen,2023-05-03 02:15:34.187584,Klare Suppe mit Nudeln,,"Verantwortliches Lebensmittelunternehmen:
Unilever Deutschland, Postfach 57 05 50, 22774 Hamburg","Zutatenverzeichnis: 80% HARTWEIZENGRIESSTEIGWAREN¹, jodiertes Speisesalz, Stärke¹, Hefeextrakt, Palmöl, Kochsalzersatz³, Speisesalz, 0,6% Zwiebeln¹², Sojasaucenpulver (Maltodextrin, Speisesalz, Sojasauce (SOJABOHNEN, WEIZEN)), 0,2% Karotten¹², Gewürze¹ (SELLERIESAMEN, Muskatnuss, Curcuma, Knoblauch², Pfeffer), Petersilie¹², Aromen, Gemüsesaftkonzentrate² (Zwiebel, SELLERIE, Karotte, Lauch), Sonnenblumenöl. Kann andere GLUTENHALTIGE GETREIDE, MILCH, EI und SENF enthalten. ¹ Natürliche Zutaten sind mit einem Sternchen gekennzeichnet. ² Aus nachhaltigem Anbau. ³ Gewonnen aus natürlichen Kaliummineralien.",161,39,"0,5","0,2","6,9","0,5","1,5","0,84",https://www.edeka24.de/Lebensmittel/Fertiggerichte/Suppen-zum-Anruehren/Knorr-Suppenliebe-Buchstaben-Suppe-82G.html,https://www.edeka24.de/out/pictures/generated/product/1/540_540_90/knorr_suppenliebe_buchstaben_suppe_82g.jpg
3557,Lebensmittel,Fertiggerichte,Suppen zum Anrühren,Maggi Guten Appetit! Waldpilz Cremesuppe ergibt 750ML,"1,09 €","1,45 €/l","inkl. MwSt., zzgl. 4.95 € Versandkosten.",lieferbar innerhalb von 2-5 Werktagen,2023-05-03 02:15:37.628420,-,,"Verantwortliches Lebensmittelunternehmen:
Maggi GmbH, 78221 Singen (Hohentwiel)","Zutatenverzeichnis: Maisstärke, WEIZENMEHL, Jodsalz, MOLKENERZEUGNIS, Hefeextrakt, Zucker, Aromen (mit WEIZEN), 2,4% Waldpilze (2% Butterpilze, 0,4% Steinpilze), Gewürze (Zwiebeln, Knoblauch, Muskatnuss, Kurkuma, Pfeffer), Petersilie, Sonnenblumenöl, Maltodextrin, Säuerungsmittel Citronensäure. Kann EIER, SOJA, SELLERIE und SENF enthalten.",23,97,"0,1",0,"4,6","0,5","0,7","0,81",https://www.edeka24.de/Lebensmittel/Fertiggerichte/Suppen-zum-Anruehren/Maggi-Guten-Appetit-Waldpilz-Cremesuppe-ergibt-750ML.html,https://www.edeka24.de/out/pictures/generated/product/1/540_540_90/maggi_guten_appetit_waldpilz_cremesuppe.jpg
3558,Lebensmittel,Fertiggerichte,Suppen zum Anrühren,Knorr Suppenliebe Hühner Suppe 69G,"1,09 €","15,80 €/kg","inkl. MwSt., zzgl. 4.95 € Versandkosten.",lieferbar innerhalb von 2-5 Werktagen,2023-05-03 02:15:40.483332,Hühnersuppe mit Nudeln,,"Verantwortliches Lebensmittelunternehmen:
Unilever Deutschland, Postfach 57 05 50, 22774 Hamburg","Zutatenverzeichnis: 78% HARTWEIZENGRIESSTEIGWAREN¹, jodiertes Speisesalz, Hefeextrakt¹, Aromen, Kochsalzersatz³, Speisesalz, Stärke¹, 0,5% Hühnerfett¹, SELLERIE¹², 0,3% Lauch¹², 0,3% Petersilie¹², 0,2% Karotten¹², Tomaten¹², Zwiebeln¹², Curcuma¹, Rosmarin¹, Antioxidationsmittel (Extrakt aus Rosmarin)¹. Kann andere GLUTENHALTIGE GETREIDE, MILCH, EI, SOJA und SENF enthalten. ¹ Natürliche Zutaten sind mit einem Sternchen gekennzeichnet. ² Aus nachhaltigem Anbau. ³ Gewonnen aus natürlichen Kaliummineralien.",30,128,"0,5","0,1","5,8","0,5","1,3","0,89",https://www.edeka24.de/Lebensmittel/Fertiggerichte/Suppen-zum-Anruehren/Knorr-Suppenliebe-Huehner-Suppe-69G.html,https://www.edeka24.de/out/pictures/generated/product/1/540_540_90/knorr_suppenliebe_hhner_suppe_69g.jpg
3559,Lebensmittel,Fertiggerichte,Suppen zum Anrühren,Knorr Suppenliebe Zwiebel Suppe 46G,"1,09 €","23,70 €/kg","inkl. MwSt., zzgl. 4.95 € Versandkosten.",lieferbar innerhalb von 2-5 Werktagen,2023-05-03 02:15:44.295807,Zwiebel Suppe,,"Verantwortliches Lebensmittelunternehmen:
Unilever Deutschland, Postfach 57 05 50, 22774 Hamburg","Zutatenverzeichnis: 40% Zwiebeln (Stücke, Pulver)¹², Stärke¹, jodiertes Speisesalz, Hefeextrakt¹, Palmöl, WEIZENMEHL¹, Sonnenblumenöl¹, Speisesalz, Fruktose, Aromen, Gemüsesaftkonzentrate² (SELLERIE, Zwiebel, Karotte, Lauch), Gewürze¹ (Knoblauch², Pfeffer, Curcuma). Kann andere GLUTENHALTIGE GETREIDE, MILCH, EI, SOJA und SENF enthalten. ¹ Natürliche Zutaten sind mit einem Sternchen gekennzeichnet. ² Aus nachhaltigem Anbau.",90,21,"0,6","0,3","3,3","1,5","0,7","0,85",https://www.edeka24.de/Lebensmittel/Fertiggerichte/Suppen-zum-Anruehren/Knorr-Suppenliebe-Zwiebel-Suppe-46G.html,https://www.edeka24.de/out/pictures/generated/product/1/540_540_90/knorr_suppenliebe_zwiebel_suppe_46g.jpg
3560,Lebensmittel,Fertiggerichte,Suppen zum Anrühren,Maggi Guten Appetit Klassische Tomatensuppe mit Langkornreis ergibt 750ML,"1,09 €","1,45 €/l","inkl. MwSt., zzgl. 4.95 € Versandkosten.",lieferbar innerhalb von 2-5 Werktagen,2023-05-03 02:15:47.781153,Tomatensuppe mit Reis,,"Verantwortliches Lebensmittelunternehmen:
Maggi GmbH, 78221 Singen (Hohentwiel)","Zutatenverzeichnis: 24 % Reis*, 23,8 % Tomaten*, WEIZENMEHL*, Maisstärke*,Zucker*, Kartoffelstärke*, Jodsalz, Hefeextrakt, Zwiebeln*, Sonnenblumenöl*, Petersilie*, Aromen (mit WEIZEN). Kann SELLERIE, EIER, MILCH, SENF und SOJA enthalten. *Natürliche Zutaten.",34,142,"0,2","0,1","6,9",2,"0,9","0,8",https://www.edeka24.de/Lebensmittel/Fertiggerichte/Suppen-zum-Anruehren/Maggi-Guten-Appetit-Klassische-Tomatensuppe-mit-Langkornreis-ergibt-750ML.html,https://www.edeka24.de/out/pictures/generated/product/1/540_540_90/maggi_guten_appetit_suppe_tomate_mit_langkornreis_famp252r_750ml.jpg
3561,Lebensmittel,Fertiggerichte,Suppen zum Anrühren,Heisse Tasse Tomaten Creme Suppe 63G,"1,19 €","18,89 €/kg","inkl. MwSt., zzgl. 4.95 € Versandkosten.",lieferbar innerhalb von 2-5 Werktagen,2023-05-03 02:15:52.251080,Instantsuppe,,"Verantwortliches Lebensmittelunternehmen:
GB Foods Deutschalnd GmbH, Postfach 121162, 23560 Lübeck","Zutatenverzeichnis: 33% Tomatenpulver, Kartoffelstärke, Zucker, Palmfett, 8,5% CROUTONS (WEIZENMEHL (GLUTEN), Palmöl, Salz, Hefe, Antioxidationsmittel: Rosmarinextrakt)), Glucosesirup, Salz, Aromen (enthält MILCH), Hefeextrakt, Petersilie, Paprikapulver, Emulgator: E472e, Stabilisator: E304, SELLERIE, MILCHPROTEIN. Kann Spuren von SOJA enthalten. Ethält 35% Gemüse.",265,63,2,"1,1","9,9","5,1",1,1,https://www.edeka24.de/Lebensmittel/Fertiggerichte/Suppen-zum-Anruehren/Heisse-Tasse-Tomaten-Creme-Suppe-63G.html,https://www.edeka24.de/out/pictures/generated/product/1/540_540_90/heisse_tasse_tomatencreme_sup.jpg
3562,Lebensmittel,Fertiggerichte,Suppen zum Anrühren,Heisse Tasse Champignon Creme Suppe 42G,"1,19 €","28,33 €/kg","inkl. MwSt., zzgl. 4.95 € Versandkosten.",lieferbar innerhalb von 2-5 Werktagen,2023-05-03 02:15:57.612037,Instantsuppe,,"Verantwortliches Lebensmittelunternehmen:
GB Foods Deutschalnd GmbH, Postfach 121162, 23560 Lübeck","Zutatenverzeichnis: Modifizierte Kartoffelstärke, Palmöl, Glukosesirup, 12% CROUTONS (WEIZENMEHL (GLUTEN), Palmöl, Salz, Hefe, Antioxidationsmittel: Rosmarinextrakt), Salz, Aromen (enthält Gerste (GLUTEN) und MILCH), Stabilisator: E340 und E452, Hefeextrakt, 1,5% Champignonstücke und -extrakt, Zucker, LACTOSE, MILCHPROTEIN, Maltodextrin, Petersilie, Emulgator E471, GERSTENMALZEXTRAKT (GLUTEN), Kurkuma, SELLERIE. Kann Spuren von SOJA enthalten. Enthält 2,0% Gemüse.",194,46,"2,2","1,7","6,1","0,5","0,4","0,99",https://www.edeka24.de/Lebensmittel/Fertiggerichte/Suppen-zum-Anruehren/Heisse-Tasse-Champignon-Creme-Suppe-42G.html,https://www.edeka24.de/out/pictures/generated/product/1/540_540_90/heisse_tasse_champignon_suppe.jpg
3563,Lebensmittel,Fertiggerichte,Suppen zum Anrühren,Maggi Guten Appetit Sonntags Suppe ergibt 750ML,"1,09 €","1,45 €/l","inkl. MwSt., zzgl. 4.95 € Versandkosten.",lieferbar innerhalb von 2-5 Werktagen,2023-05-03 02:16:02.442940,-,,"Verantwortliches Lebensmittelunternehmen:
Maggi GmbH, 78221 Singen (Hohentwiel)","Zutatenverzeichnis: 56,1% Nudeln (HARTWEIZENGRIEß), Jodsalz, 10,5% grüne Gemüseklößchen (WEICHWEIZENGRIEß, Palmfett, EIGELB, HÜHNEREI-EIWEISS, MILCHZUCKER, Jodsalz, Spinat,WEIZENMEHL, Broccoli, Petersilie, Muskatnuss), 10,5% Grießklößchen (WEIZENGRiEß, Palmfett, HÜHNEREI-EIWEIß, EIGELB, MILCHZUCKER, Jodsalz, WEIZENMEHL, Muskatnuss), Zucker, 1,9% Gemüse (1,4% Karotten, Lauch, Zwiebeln), Petersilie, Gewürze (Koriander, Pfeffer, Kurkuma), Kartoffelstärke, Würze (aus WEIZEN), Salz, Palmfett, Hefeextrakt, Maltodextrin, Aromen (mit WEIZEN). Kann MILCH, SOJA, SELLERIE und SENF enthalten.",109,26,"0,4","0,2","4,4","0,4",1,"0,64",https://www.edeka24.de/Lebensmittel/Fertiggerichte/Suppen-zum-Anruehren/Maggi-Guten-Appetit-Sonntags-Suppe-ergibt-750ML.html,https://www.edeka24.de/out/pictures/generated/product/1/540_540_90/maggi_guten_appetit_sonntags_suppe_famp252r_075l.jpg
3564,Lebensmittel,Fertiggerichte,Suppen zum Anrühren,Maggi Guten Appetit Traditionelle Kartoffel Cremesuppe ergibt 750ML,"1,09 €","1,45 €/l","inkl. MwSt., zzgl. 4.95 € Versandkosten.",lieferbar innerhalb von 2-5 Werktagen,2023-05-03 02:16:08.816790,-,,"Verantwortliches Lebensmittelunternehmen:
Maggi GmbH, 78221 Singen (Hohentwiel)","Zutatenverzeichnis: 36,9% Kartoffeln, Kartoffelstärke, WEIZENMEHL, Jodsalz, TROCKENMILCHERZEUGNIS, Zucker, Aromen (mit WEIZEN), Karotten, Hefeextrakt, Lauch, Gewürze (Zwiebeln, Knoblauch, Kurkuma, Muskatnuss, Pfeffer, Kümmel), Majoran, Sonnenblumenöl, Minersalz Kalium, Säuerungsmittel Citronensäure. Kann SELLERIE, EIER, SENF und SOJA enthalten.",26,112,"0,2","0,1","5,2",1,"0,7","0,76",https://www.edeka24.de/Lebensmittel/Fertiggerichte/Suppen-zum-Anruehren/Maggi-Guten-Appetit-Traditionelle-Kartoffel-Cremesuppe-ergibt-750ML.html,https://www.edeka24.de/out/pictures/generated/product/1/540_540_90/maggi_guten_appetit_suppe_kartoffelcreme_famp252r_750ml.jpg
3565,Lebensmittel,Fertiggerichte,Suppen zum Anrühren,Knorr Feinschmecker Blumenkohl Broccoli Suppe 48G,"1,39 €","28,96 €/kg","inkl. MwSt., zzgl. 4.95 € Versandkosten.",lieferbar innerhalb von 2-5 Werktagen,2023-05-03 02:16:14.685972,Blumenkohl Broccoli Suppe,,"Verantwortliches Lebensmittelunternehmen:
Unilever Deutschland, Postfach 57 05 50, 22774 Hamburg","Zutatenverzeichnis: Stärke, Palmöl, WEIZENMEHL, 14% Kartoffeln², jodiertes Speisesalz, Hefeextrakt, 5,3% Blumenkohl², 4,6% Broccoli², Zucker, Speisesalz, Glukosesirup, 1,5% Zwiebeln², MILCHEIWEISS, Maltodextrin, SELLERIE², Spinat², Muskatnuss, Curcuma, Gemüsesaftkonzentrate (Steckrübe, Wirsing), Aromen. Kann Spuren von EI, SOJA und SENF enthalten. ² Aus nachhaltigem Anbau.",170,41,"1,9","1,2","4,7","0,6","1,1","0,86",https://www.edeka24.de/Lebensmittel/Fertiggerichte/Suppen-zum-Anruehren/Knorr-Feinschmecker-Blumenkohl-Broccoli-Suppe-48G.html,https://www.edeka24.de/out/pictures/generated/product/1/540_540_90/knorr_feinschmecker_blumenkohl_broccoli_suppe_48g.jpg
3566,Lebensmittel,Fertiggerichte,Suppen zum Anrühren,Maggi Für Genießer Lauch Cremesuppe ergibt 500ML,"1,39 €","2,78 €/l","inkl. MwSt., zzgl. 4.95 € Versandkosten.",lieferbar innerhalb von 2-5 Werktagen,2023-05-03 02:16:20.556400,-,,"Verantwortliches Lebensmittelunternehmen:
Maggi GmbH, 78221 Singen (Hohentwiel)","Zutatenverzeichnis: Kartoffelstärke*, WEIZENMEHL*, Lauch* (13% Lauchpulver, 2% Lauchstücke), 11,3% SAHNEPULVER*, Palmfett*, Jodsalz (Salz, Kaliumjodat), Zucker*, Gewürze* (Zwiebeln, Knoblauch, Muskatnuss, Pfeffer, Kurkuma), MAGERMILCHPULVER*, MILCHZUCKER*, Spinat*, Zitronensaft*, MILCHEIWEISSERZEUGNIS*, Würze* (aus WEIZEN), natürliches Aroma* (mit SENFÖL). Kann SELLERIE, EIER und SOJA enthalten. *Natürliche Zutaten.",166,40,"1,6","0,9","5,1","1,5","1,1","0,75",https://www.edeka24.de/Lebensmittel/Fertiggerichte/Suppen-zum-Anruehren/Maggi-Fuer-Geniesser-Lauch-Cremesuppe-ergibt-500ML.html,https://www.edeka24.de/out/pictures/generated/product/1/540_540_90/maggi_fr_genieer_lauch_cremesuppe_ergibt_500ml.jpg
3567,Lebensmittel,Fertiggerichte,Suppen zum Anrühren,"Heisse Tasse Huhn mit Nudeln Suppe 36,6G","1,19 €","32,51 €/kg","inkl. MwSt., zzgl. 4.95 € Versandkosten.",lieferbar innerhalb von 2-5 Werktagen,2023-05-03 02:16:24.937186,Instantsuppe,,"Verantwortliches Lebensmittelunternehmen:
GB Foods Deutschalnd GmbH, Postfach 121162, 23560 Lübeck","Zutatenverzeichnis: Glukosesirup, 23% NUDELN (WEIZENMEHL (GLUTEN), Salz), Kartoffelstärke, Salz, Aromen (enthält WEIZEN und GERSTE (GLUTEN)), 5,1% Hühnerfleischerzeugnis (85% Hühnerfleisch, Kartoffelpulver, Salz, Antioxidationsmittel: E310, E320 und E330), Möhren, Porree, Hühnerfett (Antioxidationsmittel: Rosmarinextrakt), Hühnerfleischextrakt, Hefeextrakt, Kochsalzersatz: Kaliumchlorid, Zwiebel, Maltodextrin, Rindfleischextrakt, SELLERIE, Kurkuma, MILCHPROTEIN. Kann Spuren von EI und SOJA enthalten. Enthält 8,1% Gemüse.",145,34,"0,4","0,1","6,3","0,6","1,1","0,98",https://www.edeka24.de/Lebensmittel/Fertiggerichte/Suppen-zum-Anruehren/Heisse-Tasse-Huhn-mit-Nudeln-Suppe-36-6G.html,https://www.edeka24.de/out/pictures/generated/product/1/540_540_90/heisse_tasse_huehner_suppe.jpg
3568,Lebensmittel,Fertiggerichte,Suppen zum Anrühren,Knorr Suppenliebe Tomatencremesuppe 62G,"1,09 €","17,58 €/kg","inkl. MwSt., zzgl. 4.95 € Versandkosten.",lieferbar innerhalb von 2-5 Werktagen,2023-05-03 02:16:28.944016,-,,"Verantwortliches Lebensmittelunternehmen:
Unilever Deutschland, Postfach 57 05 50, 22774 Hamburg","Zutatenverzeichnis: 32% Tomatenpulver³, Stärke, Zucker, WEIZENMEHL, jodiertes Speisesalz, Palmöl, Maltodextrin, MOLKENERZEUGNIS, Hefeextrakt, MILCHZUCKER, Zwiebeln, Speisesalz, Zitronensaftpulver, Aromen. ³aus nachhaltig angebauten Tomaten Kann Spuren von EI, SELLERIE und SENF enthalten.",115,27,"0,5","0,1","5,5","2,7","0,5","0,92",https://www.edeka24.de/Lebensmittel/Fertiggerichte/Suppen-zum-Anruehren/Knorr-Suppenliebe-Tomatencremesuppe-62G.html,https://www.edeka24.de/out/pictures/generated/product/1/540_540_90/knorr_suppenliebe_tomatencremesuppe_62g.jpg
3569,Lebensmittel,Fertiggerichte,Suppen zum Anrühren,Knorr Feinschmecker Tomatensuppe mit Reis 49G,"1,39 €","28,37 €/kg","inkl. MwSt., zzgl. 4.95 € Versandkosten.",lieferbar innerhalb von 2-5 Werktagen,2023-05-03 02:16:33.834187,Tomaten Suppe mit Reis,,"Verantwortliches Lebensmittelunternehmen:
Unilever Deutschland, Postfach 57 05 50, 22774 Hamburg","Zutatenverzeichnis: 20% Reis, 18% Tomatenpulver², Stärke, Palmöl, Zucker, WEIZENMEHL, jodiertes Speisesalz, Hefeextrakt, SELLERIE², Speisesalz, Rote-Bete-Pulver², Glukosesirup, Gemüsesaftkonzentrate² (SELLERIE, Karotten, Lauch, Zwiebel), MILCHEIWEISS, Basilikum², Pfeffer, Maltodextrin, Aromen, Zitronensaftpulver. Kann Spuren von EI, SOJA und SENF enthalten. ²Aus nachhaltigem Anbau.",166,40,"1,4","0,9","5,8","1,8","0,9","0,73",https://www.edeka24.de/Lebensmittel/Fertiggerichte/Suppen-zum-Anruehren/Knorr-Feinschmecker-Tomatensuppe-mit-Reis-49G.html,https://www.edeka24.de/out/pictures/generated/product/1/540_540_90/knorr_feinschmecker_tomatensuppe_mit_reis_49_g.jpg
3570,Lebensmittel,Fertiggerichte,Suppen zum Anrühren,Maggi Für Genießer Champignon Creme Suppe ergibt 500ML,"1,39 €","2,78 €/l","inkl. MwSt., zzgl. 4.95 € Versandkosten.",lieferbar innerhalb von 2-5 Werktagen,2023-05-03 02:16:38.342848,-,,"Verantwortliches Lebensmittelunternehmen:
Maggi GmbH, Julius-Bührer-Strasse 8, 78224 Singen","Zutatenverzeichnis: Kartoffelstärke, WEIZENMEHL, Palmfett, 9,8 % SAHNEPULVER, Jodsalz (Salz, Kaliumjodat), MILCHZUCKER, 5 % Champignonextrakt, MOLKENERZEUGNIS, Zucker, 1,9 % Champignons, Gewürze (Zwiebeln, Knoblauch, Muskatnuss, Pfeffer), Petersilie, MILCHEIWEISS, Aroma, Hefeextrakt, Sonnenblumenöl, Säuerungsmittel Citronensäure. Kann SELLERIE, EIER, SENF und SOJA enthalten.",176,42,"1,5","0,8",6,"1,6",1,"0,75",https://www.edeka24.de/Lebensmittel/Fertiggerichte/Suppen-zum-Anruehren/Maggi-Fuer-Geniesser-Champignon-Creme-Suppe-ergibt-500ML.html,https://www.edeka24.de/out/pictures/generated/product/1/540_540_90/maggi_fr_genieer_champignon_creme_suppe_ergibt_500ml.jpg
3571,Lebensmittel,Fertiggerichte,Suppen zum Anrühren,Maggi Für Genießer Tomaten-Mozzarella Suppe ergibt 500ML,"1,39 €","2,78 €/l","inkl. MwSt., zzgl. 4.95 € Versandkosten.",lieferbar innerhalb von 2-5 Werktagen,2023-05-03 02:16:42.224837,Tomaten-Mozzarella-Suppe,,"Verantwortliches Lebensmittelunternehmen:
Maggi GmbH, Julius-Bührer-Strasse 8, 78224 Singen","Zutatenverzeichnis: 30% Tomaten*, Reismehl*, Kartoffelstärke*, Zucker*, Palmfett*, MILCHZUCKER*, Zwiebeln*, Jodsalz (Salz, Kaliumjodat), 3 % MOZZARELLA, natürliche Aromen* (mit WEIZEN, HAFER, MILCH), Würze* (aus WEIZEN), KÄSE*, Kräuter* (Petersilie, Basilikum), MILCHEIWEISSERZEUGNIS*, MOLKENERZEUGNIS*, Salz*, Paprikaöl*, Säuerungsmittel Citronensäure*. Kann SELLERIE, EIER, SENF und SOJA enthalten. *Natürliche Zutaten.",187,45,"1,1","0,6","7,1","3,5","1,3","0,73",https://www.edeka24.de/Lebensmittel/Fertiggerichte/Suppen-zum-Anruehren/Maggi-Fuer-Geniesser-Tomaten-Mozzarella-Suppe-ergibt-500ML.html,https://www.edeka24.de/out/pictures/generated/product/1/540_540_90/maggi_famp252r_genieamp223er_tomatenmozzarella_suppe_famp252r_500ml.jpg
3572,Lebensmittel,Fertiggerichte,Suppen zum Anrühren,Knorr Feinschmecker Champignon Cremesuppe 45G,"1,39 €","30,89 €/kg","inkl. MwSt., zzgl. 4.95 € Versandkosten.",lieferbar innerhalb von 2-5 Werktagen,2023-05-03 02:16:47.602613,Champignon Cremesuppe,,"Verantwortliches Lebensmittelunternehmen:
Unilever Deutschland, Postfach 57 05 50, 22774 Hamburg","Zutatenverzeichnis: Palmöl, Stärke, jodiertes Speisesalz, WEIZENMEHL, MILCHZUCKER, Maltodextrin, 4% Champignons, Zucker, 3% Champignonsaftkonzentrat³, MILCHEIWEISS, Zwiebeln³, Würze, Kochsalzersatz4, Hefeextrakt, Petersilie³, Pfeffer, Curcuma, Aromen, Speisesalz, Karamellzuckersirup. Kann Spuren von EI, SOJA, SELLERIE und SENF enthalten. ³ Aus nachhaltigem Anbau. 4 Gewonnen aus natürlichen Kaliummineralien.",178,43,"2,6","1,6","4,3","0,9","0,6","0,89",https://www.edeka24.de/Lebensmittel/Fertiggerichte/Suppen-zum-Anruehren/Knorr-Feinschmecker-Champignon-Cremesuppe-45G.html,https://www.edeka24.de/out/pictures/generated/product/1/540_540_90/knorr_feinschmecker_champignon_cremesuppe_45_g.jpg
3573,Lebensmittel,Fertiggerichte,Suppen zum Anrühren,Maggi Guten Appetit Mild-Feine Gemüse Cremesuppe für 750ML,"1,09 €","1,45 €/l","inkl. MwSt., zzgl. 4.95 € Versandkosten.",lieferbar innerhalb von 2-5 Werktagen,2023-05-03 02:16:53.064238,"Gemüsecremesuppe mit 7,6% Gemüseanteil",,"Verantwortliches Lebensmittelunternehmen:
Maggi GmbH, Julius-Bührer-Straße 8, 78224 Singen","Zutatenverzeichnis: WEIZENMEHL*, Kartoffelstärke*, 8,8 % Kartoffeln, Maisstärke*, Zucker*, Jodsalz (Salz, Kaliumiodat), MOLKENERZEUGNIS, TEILENTRAHMTES MILCHPULVER*, Aromen (mit WEIZEN), 2,7 % Karotten*, Hefeextrakt*, Blumenkohl*, Lauch*, Petersilienwurzel*, Kürbis*, Gewürze (Zwiebeln, Knoblauch, Kurkuma, Muskatnuss, Pfeffer)*, Petersilie*, Sonnenblumenöl*, Mineralsalz Kalium, natürliche Aromen (mit SENFÖL)*, Säuerungsmittel Citronensäure. Kann EIER, SELLERIE, SENF und SOJA enthalten. *natürliche Zutaten",106,25,"0,2","0,1","4,8","1,1","0,8","0,65",https://www.edeka24.de/Lebensmittel/Fertiggerichte/Suppen-zum-Anruehren/Maggi-Guten-Appetit-Mild-Feine-Gemuese-Cremesuppe-fuer-750ML.html,https://www.edeka24.de/out/pictures/generated/product/1/540_540_90/maggi_guten_appetit_gemamp252se_cremesuppe_famp252r_750ml.jpg
3574,Lebensmittel,Fertiggerichte,Suppen zum Anrühren,Alnatura Bio Tomaten Cremesuppe 46G,"1,29 €","28,04 €/kg","inkl. MwSt., zzgl. 4.95 € Versandkosten.",lieferbar innerhalb von 2-5 Werktagen,2023-05-03 02:16:57.801675,-,Hinweis zur Aufbewahrung: Bitte trocken lagern und vor Wärme schützen.,"Verantwortliches Lebensmittelunternehmen:
Alnatura GmbH, Mahatma-Gandhi-Straße 7, 64295 Darmstadt","Zutatenverzeichnis: Tomatenpulver* 37 %, Maisstärke*, WEIZENMEHL*, Rohrohrzucker*, Meersalz, Kartoffeln*, Zwiebeln* Röstzwiebeln*, rote Bete*, natives Olivenöl* extra, Petersilie*, Paprika*, Rosmarin*, Basilikum*, Oregano*, Thymian* *aus biologischer Landwirtschaft . Kann Spuren von EI, SOJA, MILCH, SELLERIE und SENF enthalten.",117,28,"0,5","0,1","5,9","2,4","0,7","0,79",https://www.edeka24.de/Lebensmittel/Fertiggerichte/Suppen-zum-Anruehren/Alnatura-Bio-Tomaten-Cremesuppe-46G.html,https://www.edeka24.de/out/pictures/generated/product/1/540_540_90/4104420016644-alnatura-bio-tomaten-cremesuppe.jpg
3575,Lebensmittel,Fertiggerichte,Suppen zum Anrühren,Knorr Feinschmecker Kartoffelsuppe mit Creme Fraiche Suppe 70G,"1,39 €","19,86 €/kg","inkl. MwSt., zzgl. 4.95 € Versandkosten.",lieferbar innerhalb von 2-5 Werktagen,2023-05-03 02:17:02.794870,Kartoffelsuppe mit Crème Fraîche,,"Verantwortliches Lebensmittelunternehmen:
Unilever Deutschland, Postfach 57 05 50, 22774 Hamburg","Zutatenverzeichnis: Palmöl, 21% Kartoffeln², WEIZENMEHL, Stärke, Maltodextrin, Speisesalz, 4,4% geräucherter Speck (Speck, Speisesalz, Rauch), 4,0% CRÈME FRAÎCHE getrocknet, Glukosesirup, Zucker, Würze, 2,0% Lauch², MILCHEIWEISS, Gemüsemaispulver², 1,1% Zwiebeln², Hefeextrakt, Schnittlauch², Pfeffer, Muskat, Curcuma, Aromen, Antioxidationsmittel Ascorbylpalmitat. Kann Spuren von EI, SELLERIE, SENF und SOJA enthalten. ² Aus nachhaltigem Anbau.",292,70,"4,1","2,5","6,7","0,9","1,2","0,87",https://www.edeka24.de/Lebensmittel/Fertiggerichte/Suppen-zum-Anruehren/Knorr-Feinschmecker-Kartoffelsuppe-mit-Creme-Fraiche-Suppe-70G.html,https://www.edeka24.de/out/pictures/generated/product/1/540_540_90/knorr_feinschmecker_kartoffelsuppe_mit_creme_fraiche_suppe_70g.jpg
3576,Lebensmittel,Fertiggerichte,Suppen zum Anrühren,Knorr Feinschmecker Pfifferling Cremesuppe 56G,"1,39 €","24,82 €/kg","inkl. MwSt., zzgl. 4.95 € Versandkosten.",lieferbar innerhalb von 2-5 Werktagen,2023-05-03 02:17:07.615926,-,,"Verantwortliches Lebensmittelunternehmen:
Unilever Deutschland, Postfach 570 237, 22771 Hamburg","Zutatenverzeichnis: Palmöl, WEIZENMEHL, Stärke, Kartoffeln³, Maltodextrin, jodiertes Speisesalz, Hefeextrakt, 3,5% geröstete Zwiebeln³, Glukosesirup, Zucker, Champignonsaftkonzentrat³, 1,5% Pfifferlinge, MILCHEIWEISS, Kochsalzersatz4, Speisesalz, Aromen, Petersilie³, Weißweinextrakt, Curcuma. Kann Spuren von EI, SOJA, SELLERIE und SENF enthalten. ³ Aus nachhaltigem Anbau. 4 Gewonnen aus natürlichen Kaliummineralien.",50,208,"2,4","1,5","5,8","0,5",1,"0,85",https://www.edeka24.de/Lebensmittel/Fertiggerichte/Suppen-zum-Anruehren/Knorr-Feinschmecker-Pfifferling-Cremesuppe-56G.html,https://www.edeka24.de/out/pictures/generated/product/1/540_540_90/knorr_feinschmecker_pfifferling_suppe_famp252r_500ml_56g.jpg
3577,Lebensmittel,Fertiggerichte,Suppen zum Anrühren,"Heisse Tasse Spargel Creme Suppe 41,4G","1,19 €","28,74 €/kg","inkl. MwSt., zzgl. 4.95 € Versandkosten.",lieferbar innerhalb von 2-5 Werktagen,2023-05-03 02:17:11.377576,Instantsuppe,,"Verantwortliches Lebensmittelunternehmen:
GB Foods Deutschalnd GmbH, Postfach 121162, 23560 Lübeck","Zutatenverzeichnis: Palmöl, modifizierte Kartoffelstärke, 13% Croûtons (WEIZENMEHL (GLUTEN), Palmöl, Salz, Hefe, Antioxidationsmittel: Rosmarinextrakt), Kartoffelstärke, Salz, Aromen (enthält MILCH und GERSTE (GLUTEN)) Glukosesirup, 7,7% Spargelpulver, MILCHPROTEIN, Hefeextrakt, Petersilie, Emulgator: E471, Säuerungsmittel: Citronensäure, Kurkuma, SELLERIE. Kann Spuren von SOJA enthalten. Enthält 8,5% Gemüse.",201,48,"2,8","1,5","5,2","0,7","0,7",1,https://www.edeka24.de/Lebensmittel/Fertiggerichte/Suppen-zum-Anruehren/Heisse-Tasse-Spargel-Creme-Suppe-41-4G.html,https://www.edeka24.de/out/pictures/generated/product/1/540_540_90/htspargsup3bt_f450ml414g(1).jpg
3578,Lebensmittel,Fertiggerichte,Suppen zum Anrühren,Maggi Für Genießer Zwiebel Suppe ergibt 750ML,"1,39 €","1,85 €/l","inkl. MwSt., zzgl. 4.95 € Versandkosten.",lieferbar innerhalb von 2-5 Werktagen,2023-05-03 02:17:15.428769,-,,"Verantwortliches Lebensmittelunternehmen:
Maggi GmbH, 78221 Singen (Hohentwiel)","Zutatenverzeichnis: 48,2 % Zwiebeln*, Stärke*, Jodsalz (Salz, Kaliumjodat), Zucker*, Palmfett, Würze* (aus WEIZEN), natürliche Aromen*, Salz*, Gewürze* (Kurkuma, Kümmel, Pfeffer, Koriander), Weißweinextrakt, Kräuter* (Majoran, Thymian), GERSTENMALZEXTRAKT*, Aromen (mit WEIZEN), Paprikaöl*. Kann SELLERIE, EIER, MILCH, SENF und SOJA enthalten. *Natürliche Zutaten.",104,25,"0,4","0,2","4,3","1,8","0,6","0,92",https://www.edeka24.de/Lebensmittel/Fertiggerichte/Suppen-zum-Anruehren/Maggi-Fuer-Geniesser-Zwiebel-Suppe-ergibt-750ML.html,https://www.edeka24.de/out/pictures/generated/product/1/540_540_90/maggi_fr_genieer_zwiebel_suppe_ergibt_750_ml.jpg
3579,Lebensmittel,Fertiggerichte,Suppen zum Anrühren,Maggi Guten Appetit Fruchtige Tomatensuppe Toscana ergibt 750ML,"1,09 €","1,45 €/l","inkl. MwSt., zzgl. 4.95 € Versandkosten.",lieferbar innerhalb von 2-5 Werktagen,2023-05-03 02:17:20.493048,-,,"Verantwortliches Lebensmittelunternehmen:
Maggi GmbH, 78221 Singen (Hohentwiel)","Zutatenverzeichnis: 30% Tomaten*, Kartoffelstärke*, WEIZENMEHL*, Zucker*, Jodsalz, Hefeextrakt, MOLKENERZEUGNIS, Petersilienwurzel*, Kräuter (Petersilie, Oregano, Lorbeerblätter)*, Zwiebeln*, Sonnenblumenöl*, Aromen (mit WEIZEN). Kann SELLERIE, EIER, SENF und SOJA enthalten. *Natürliche Zutaten.",132,31,"0,2","0,1",6,"2,3",1,"0,8",https://www.edeka24.de/Lebensmittel/Fertiggerichte/Suppen-zum-Anruehren/Maggi-Guten-Appetit-Fruchtige-Tomatensuppe-Toscana-ergibt-750ML.html,https://www.edeka24.de/out/pictures/generated/product/1/540_540_90/maggi_guten_appetit_suppe_tomate_toscana_grande_famp252r_750ml.jpg
3580,Lebensmittel,Fertiggerichte,Suppen zum Anrühren,Knorr Suppenliebe Frühlingssuppe 62G,"1,09 €","17,58 €/kg","inkl. MwSt., zzgl. 4.95 € Versandkosten.",lieferbar innerhalb von 2-5 Werktagen,2023-05-03 02:17:24.308762,Klare Gemüsesuppe mit Nudeln,,"Verantwortliches Lebensmittelunternehmen:
Unilever Deutschland, Postfach 57 05 50, 22774 Hamburg","Zutatenverzeichnis: 48% Nudeln (HARTWEIZENGRIESS), jodiertes Speisesalz, 8% Karotten², 5% Erbsen², 4,5% Zwiebeln², 4% KNOLLENSELLERIE², Zucker, Palmöl, Kochsalzersatz³, Stärke, 2% Lauch², Würze, Speisesalz, Hefeextrakt, Gewürze (SELLERIESAMEN, Muskatnuss, Pfeffer, Curcuma, Knoblauch²), Maltodextrin, Petersilie², Aromen, Zwiebelsaftkonzentrat², Sojasauce (SOJABOHNEN, WEIZEN), Fruktose, Sonnenblumenöl. Kann andere GLUTENHALTIGE GETREIDE, MILCH, EI und SENF enthalten. ² Aus nachhaltigem Anbau. ³ Gewonnen aus natürlichen Kaliummineralien.",113,27,"0,5","0,2","4,7","1,1","0,8","0,95",https://www.edeka24.de/Lebensmittel/Fertiggerichte/Suppen-zum-Anruehren/Knorr-Suppenliebe-Fruehlingssuppe-62G.html,https://www.edeka24.de/out/pictures/generated/product/1/540_540_90/knorr_suppenliebe_frhling_62g.jpg
3581,Lebensmittel,Fertiggerichte,Suppen zum Anrühren,Knorr Feinschmecker Kürbis Cremesuppe 52G,"1,39 €","26,73 €/kg","inkl. MwSt., zzgl. 4.95 € Versandkosten.",lieferbar innerhalb von 2-5 Werktagen,2023-05-03 02:17:28.349094,Kürbis Cremesuppe,,"Verantwortliches Lebensmittelunternehmen:
Unilever Deutschland, Postfach 57 05 50, 22774 Hamburg","Zutatenverzeichnis: 22% Kürbis³ (Pulver, Stücke), Palmöl, Kartoffelstärke, WEIZENMEHL, Zucker, jodiertes Speisesalz, Glukosesirup, Hefeextrakt, MILCHEIWEISS, Speisesalz, Gewürze (Knoblauch³, Paprika, Kümmel), Maltodextrin, Petersilie³, Fruktose, Sojasauce (SOJABOHNEN, WEIZEN), Zitronensaftpulver, Aromen. Kann Spuren von EI, SELLERIE und SENF enthalten. ³ Aus nachhaltigem Anbau.",191,46,"2,2","1,3","5,3",2,"0,8","0,96",https://www.edeka24.de/Lebensmittel/Fertiggerichte/Suppen-zum-Anruehren/Knorr-Feinschmecker-Kuerbis-Cremesuppe-52G.html,https://www.edeka24.de/out/pictures/generated/product/1/540_540_90/knorr_feinschmecker_krbis_cremesuppe_52_g.jpg
3582,Lebensmittel,Fertiggerichte,Suppen zum Anrühren,Alnatura Bio Gemüse-Nudel Suppe 40G,"1,29 €","32,25 €/kg","inkl. MwSt., zzgl. 4.95 € Versandkosten.",lieferbar innerhalb von 2-5 Werktagen,2023-05-03 02:17:32.964825,Bio Gemüse-Nudel-Suppe,Hinweis zur Aufbewahrung: Bitte trocken lagern und vor Wärme schützen.,"Verantwortliches Lebensmittelunternehmen:
Alnatura GmbH, Mahatma-Gandhi-Straße 7, 64295 Darmstadt","Zutatenverzeichnis: Teigwaren* 35 % (HARTWEIZENVOLLKORNMEHL*), Meersalz, Karotten* 9,7 %, Zwiebeln*, Kartoffeln* 7,5 %, Maisstärke*, Lauch* 5,0 %, Tomatenpulver* 4,6 %, Glukosesirup*, Paprika* 2,5 %, Rohrohrzucker*, SELLERIE*, Petersilie*, Gemüsesaft* konzentriert (SELLERIE*, Karotten*, Zwiebeln*), natives Olivenöl* extra, Rote Bete*, Kurkuma*, Pastinaken*, Pfeffer*, Liebstöckelblätter*, Sonnenblumenöl*, Liebstöckelwurzel*, Ingwer* *aus biologischer Landwirtschaft. Kann Spuren von EI, SOJA, MILCH und SENF enthalten.",94,22,"0,5","0,1","4,2","1,2","0,8","0,9",https://www.edeka24.de/Lebensmittel/Fertiggerichte/Suppen-zum-Anruehren/Alnatura-Bio-Gemuese-Nudel-Suppe-40G.html,https://www.edeka24.de/out/pictures/generated/product/1/540_540_90/4104420017023-alnatura-bio-gemse-nudel-suppe.jpg
3583,Lebensmittel,Fertiggerichte,Suppen zum Anrühren,Maggi Guten Appetit! Frühlings Suppe ergibt 1L,"1,09 €","1,09 €/l","inkl. MwSt., zzgl. 4.95 € Versandkosten.",lieferbar innerhalb von 2-5 Werktagen,2023-05-03 02:17:37.630984,-,,"Verantwortliches Lebensmittelunternehmen:
Maggi GmbH, 78221 Singen (Hohentwiel)","Zutatenverzeichnis: 60,5 % Nudeln (WEIZENMEHL, HÜHNEREI-EIWEISS), Jodsalz, 12,1 % Gemüse (4,1 % Lauch, SELLERIE, 2,4 % Karotten, 2,4 % Erbsen, Tomaten), Zucker, Kartoffelstärke, Hefeextrakt, Gewürze (Zwiebeln, Knoblauch, Kurkuma, Muskatnuss), Petersilie, Sonnenblumenöl, Aromen (mit WEIZEN, GERSTE, SELLERIEÖL), Säuerungsmittel Citronensäure.Kann MILCH, SENF und SOJA enthalten.",19,82,"0,1",0,"3,8","0,6","0,7","0,8",https://www.edeka24.de/Lebensmittel/Fertiggerichte/Suppen-zum-Anruehren/Maggi-Guten-Appetit-Fruehlings-Suppe-ergibt-1L.html,https://www.edeka24.de/out/pictures/generated/product/1/540_540_90/maggi_gap_fruehlingsuppe_f1l.jpg
3584,Lebensmittel,Fertiggerichte,Suppen zum Anrühren,Maggi Für Genießer Broccoli Creme-Suppe ergibt 500ML,"1,39 €","2,78 €/l","inkl. MwSt., zzgl. 4.95 € Versandkosten.",lieferbar innerhalb von 2-5 Werktagen,2023-05-03 02:17:41.978967,-,,"Verantwortliches Lebensmittelunternehmen:
Maggi GmbH, 78221 Singen (Hohentwiel)","Zutatenverzeichnis: Erbsenstärke*, WEIZENMEHL*, 15 % SAHNEPULVER*, 10,1 % Gemüse* (6,2 % Broccoliröschen, 3,5 % Broccolipulver, 0,4 % Spinat), Jodsalz (Salz, Kaliumjodat), Palmfett*, Kartoffelstärke*, MILCHEIWESSERZEUGNIS*, Zucker*, MILCHZUCKER*, Würze* (aus WEIZEN), Gewürze* (Knoblauchpulver, Muskatnuss, weißer Pfeffer), natürliches Gemüsearoma*. Kann SELLERIE, EIER, SENF und SOJA enthalten. *Natürliche Zutaten.",147,35,"1,3","0,8","4,5","0,9","1,1","0,77",https://www.edeka24.de/Lebensmittel/Fertiggerichte/Suppen-zum-Anruehren/Maggi-Fuer-Geniesser-Broccoli-Creme-Suppe-ergibt-500ML.html,https://www.edeka24.de/out/pictures/generated/product/1/540_540_90/maggi_fr_genieer_broccoli_cremesuppe_50g.jpg
3585,Lebensmittel,Fertiggerichte,Suppen zum Anrühren,Knorr Suppenliebe Sternchen Suppe 84G,"1,09 €","12,98 €/kg","inkl. MwSt., zzgl. 4.95 € Versandkosten.",lieferbar innerhalb von 2-5 Werktagen,2023-05-03 02:17:45.882273,Klare Suppe mit Nudeln.,,"Verantwortliches Lebensmittelunternehmen:
Unilever Deutschland, Postfach 57 05 50, 22774 Hamburg","Zutatenverzeichnis: 81% Nudeln¹ (HARTWEIZENGRIESS), jodiertes Speisesalz, Stärke¹, Hefeextrakt, Palmöl, Kochsalzersatz³, Speisesalz, Sojasaucenpulver (Maltodextrin, Speisesalz, Sojasauce (SOJABOHNEN, WEIZEN)), Zwiebeln¹², Karotten¹², SELLERIESAMEN¹, Muskat¹, Curcuma¹, Knoblauch¹², Pfeffer¹, Petersilie¹², Aromen, Zwiebelsaftkonzentrat², Sonnenblumenöl. Kann andere GLUTENHALTIGE GETREIDE, MILCH, EI und SENF enthalten. ¹Natürliche Zutaten sind mit einem Sternchen gekennzeichnet. ² Ausnachhaltigem Anbau. ³ Gewonnen aus natürlichen Kaliummineralien.",125,30,"0,5","0,2","5,4","0,5","1,1","0,65",https://www.edeka24.de/Lebensmittel/Fertiggerichte/Suppen-zum-Anruehren/Knorr-Suppenliebe-Sternchen-Suppe-84G.html,https://www.edeka24.de/out/pictures/generated/product/1/540_540_90/knorr_suppenliebe_sternchen_suppe_famp252r_1l_84g.jpg
3586,Lebensmittel,Fertiggerichte,Suppen zum Anrühren,Knorr Suppenliebe Hochzeits Suppe 42G,"1,09 €","25,95 €/kg","inkl. MwSt., zzgl. 4.95 € Versandkosten.",lieferbar innerhalb von 2-5 Werktagen,2023-05-03 02:17:50.006573,Klare Brühe (mit Rindfleischgeschmack) mit Klößchen und Nudeln,,"Verantwortliches Lebensmittelunternehmen:
Unilever Deutschland, Postfach 57 05 50, 22774 Hamburg","Zutatenverzeichnis: 50% Eierteigwaren (HARTWEIZENGRIESS, EIER), jodiertes Speisesalz, 7,1% Grießklößchen [HARTWEIZENGRIESS, Palmöl, EIKLAR, Mehl (Reis, WEIZEN), EIGELB, Speisesalz, Muskatnuss], Aromen (mit MILCH), 4,8% Rindfleischklößchen (Rindfleisch, WEIZENMEHL, EIKLAR, Zwiebeln, Palmöl, Speisesalz, Hefeextrakt, Hefe, Pfeffer, Knoblauch, Muskatnussextrakt), Hefeextrakt, Zucker, Kochsalzersatz³, 2,6% Karotten², 2,6% Lauch², Stärke, Speisesalz, Palmöl, 0,7% Zwiebeln², Petersilie², Muskatnuss, Pfeffer, Petersilienwurzel², Zwiebelsaftkonzentrat², Sonnenblumenöl. Kann andere GLUTENHALTIGE GETREIDE, SOJA, SELLERIE und SENF enthalten. ² Aus nachhaltigem Anbau. ³ Gewonnen aus natürlichen Kaliummineralien",78,18,"0,5","0,2","2,8","0,5","0,8","0,83",https://www.edeka24.de/Lebensmittel/Fertiggerichte/Suppen-zum-Anruehren/Knorr-Suppenliebe-Hochzeits-Suppe-42G.html,https://www.edeka24.de/out/pictures/generated/product/1/540_540_90/knorr_suppenliebe_hochzeit_famp252r_075l_42g.jpg
3587,Lebensmittel,Fertiggerichte,Suppen zum Anrühren,Knorr Suppenliebe Grießklößchen Suppe 36G,"1,09 €","30,28 €/kg","inkl. MwSt., zzgl. 4.95 € Versandkosten.",lieferbar innerhalb von 2-5 Werktagen,2023-05-03 02:17:54.622680,Klare Gemüsesuppe mit Grießklößchen,,"Verantwortliches Lebensmittelunternehmen:
Unilever Deutschland, Postfach 57 05 50, 22774 Hamburg","Zutatenverzeichnis: 53% Grießklößchen [HARTWEIZENGRIESS, Palmöl, EIKLAR, Mehl (Reis, WEIZEN), EIGELB, Speisesalz, Muskatnuss], jodiertes Speisesalz, Hefeextrakt, Palmöl, Aromen, 3,1% Lauch², Kochsalzersatz³, 2,2% KNOLLENSELLERIE², Speisesalz, 1,6% Karotten², Stärke, 0,8% Zwiebeln², Zucker, Schnittlauch², Muskatnuss. Kann andere GLUTENHALTIGE GETREIDE, MILCH, SOJA und SENF enthalten. ² Aus nachhaltigem Anbau. ³ Gewonnen aus natürlichen Kaliummineralien.",62,15,"0,7","0,4","1,4","0,5","0,7","0,97",https://www.edeka24.de/Lebensmittel/Fertiggerichte/Suppen-zum-Anruehren/Knorr-Suppenliebe-Griesskloesschen-Suppe-36G.html,https://www.edeka24.de/out/pictures/generated/product/1/540_540_90/knorr_suppenliebe_grieklchen_suppe_36g.jpg
3588,Lebensmittel,Fertiggerichte,Suppen zum Anrühren,Maggi Guten Appetit! Hühner Suppe ergibt 1L,"1,09 €","1,09 €/l","inkl. MwSt., zzgl. 4.95 € Versandkosten.",lieferbar innerhalb von 2-5 Werktagen,2023-05-03 02:17:58.362769,-,,"Verantwortliches Lebensmittelunternehmen:
Maggi GmbH, 78221 Singen (Hohentwiel)","Zutatenverzeichnis: 66,7% Nudeln (HARTWEIZENGRIEß), Jodsalz, Aromen (mit WEIZEN, GERSTE, EI), Zucker, Hefeextrakt, 2,3% Gemüse (1,2 % Lauch, 1 % Karotten, 0,1 % SELLERIE), Hühnerfleisch, Hühnerfett, Gewürze (Knoblauch, Kurkuma, Koriander, Pfeffer), Kartoffelstärke, SELLERIEBLÄTTER, Antioxidationsmittel Extrakt aus Rosmarin. Kann SOJA, MILCH und SENF enthalten.",19,80,"0,2","0,1","3,3","0,4","0,8",1,https://www.edeka24.de/Lebensmittel/Fertiggerichte/Suppen-zum-Anruehren/Maggi-Guten-Appetit-Huehner-Suppe-ergibt-1L.html,https://www.edeka24.de/out/pictures/generated/product/1/540_540_90/maggi_guten_appetit_hhner_suppe.jpg
3589,Lebensmittel,Fertiggerichte,Suppen zum Anrühren,Knorr Feinschmecker Spargel Cremesuppe 49G,"1,39 €","28,37 €/kg","inkl. MwSt., zzgl. 4.95 € Versandkosten.",lieferbar innerhalb von 2-5 Werktagen,2023-05-03 02:18:01.940397,Spargel Cremesuppe,,"Verantwortliches Lebensmittelunternehmen:
Unilever Deutschland, Postfach 57 05 50, 22774 Hamburg","Zutatenverzeichnis: Mehl (WEIZEN, Reis), Palmöl, Stärke, 10% weißer Spargel³, jodiertes Speisesalz, Hefeextrakt, Zucker, Speisesalz, Glukosesirup, MILCHEIWEISS, Zitronensaftpulver, Aromen, Curcuma, Petersilienwurzel³, Lorbeerblätter. Kann Spuren von EI, SOJA, SELLERIE und SENF enthalten. ³ Aus nachhaltigem Anbau.",185,44,"2,2","1,5","4,8","0,7","1,1","0,82",https://www.edeka24.de/Lebensmittel/Fertiggerichte/Suppen-zum-Anruehren/Knorr-Feinschmecker-Spargel-Cremesuppe-49G.html,https://www.edeka24.de/out/pictures/generated/product/1/540_540_90/knorr_feinschmecker_spargel_cremesuppe_49g.jpg
3590,Lebensmittel,Fertiggerichte,Suppen zum Anrühren,Knorr Feinschmecker Waldpilz Cremesuppe 48G,"1,39 €","28,96 €/kg","inkl. MwSt., zzgl. 4.95 € Versandkosten.",lieferbar innerhalb von 2-5 Werktagen,2023-05-03 02:18:05.159018,Waldpilz Cremesuppe,,"Verantwortliches Lebensmittelunternehmen:
Unilever Deutschland, Postfach 57 05 50, 22774 Hamburg","Zutatenverzeichnis: Pflanzliche Fette und Öle (Palm, Sonnenblumen), Stärke, WEIZENMEHL, jodiertes Speisesalz, Hefeextrakt, 4,8% geröstete Zwiebeln², Maltodextrin, 3,2% CRÈME FRAÎCHE getrocknet, 3,1% Champignons, Glukosesirup, MILCHEIWEISS, Zucker, Speisesalz, 1,4% Steinpilze², Gewürze (Knoblauch², Pfeffer, Curcuma), Champignonsaftkonzentrat², Frühlingszwiebeln², 0,4% Pfifferlinge², Weißweinextrakt, Zwiebelsaftkonzentrat², Aromen, Antioxidationsmittel Ascorbylpalmitat. Kann Spuren von EI, SOJA, SELLERIE und SENF enthalten. ² Aus nachhaltigem Anbau.",181,43,"2,3","1,4","4,5","0,6",1,"0,89",https://www.edeka24.de/Lebensmittel/Fertiggerichte/Suppen-zum-Anruehren/Knorr-Feinschmecker-Waldpilz-Cremesuppe-48G.html,https://www.edeka24.de/out/pictures/generated/product/1/540_540_90/knorr_feinschmecker_waldpilz_suppe_48g.jpg
3591,Lebensmittel,Fertiggerichte,Suppen zum Anrühren,Maggi Für Genießer Waldpilz Cremesuppe ergibt 500ML,"1,39 €","2,78 €/l","inkl. MwSt., zzgl. 4.95 € Versandkosten.",lieferbar innerhalb von 2-5 Werktagen,2023-05-03 02:18:08.509479,-,,"Verantwortliches Lebensmittelunternehmen:
Maggi GmbH, 78221 Singen (Hohentwiel)","Zutatenverzeichnis: Stärke, MAGERMILCHPULVER, WEIZENMEHL, Aromen (mit WEIZEN), Jodsalz, Hefeextrakt, 3,4 % Waldpilze (2 % Butterpilze, 1,2 % Pfifferlinge, 0,2 % Steinpilze), 3,1 % Champignons, Zucker, Gewürze (Zwiebeln, Knoblauch, Kurkuma, Pfeffer), Schnittlauch, MOLKENERZEUGNIS, Weißweinextrakt, Sonnenblumenöl, Säuerungsmittel Citronensäure. Kann SELLERIE, EIER, SENF und SOJA enthalten.",142,34,"0,2","0,1","6,2","1,7","1,6","0,85",https://www.edeka24.de/Lebensmittel/Fertiggerichte/Suppen-zum-Anruehren/Maggi-Fuer-Geniesser-Waldpilz-Cremesuppe-ergibt-500ML.html,https://www.edeka24.de/out/pictures/generated/product/1/540_540_90/maggi_fr_genieer_waldpilz_cremesuppe_ergibt_500_ml.jpg
3592,Lebensmittel,Fertiggerichte,Suppen zum Anrühren,Maggi Guten Appetit! Hochzeits Suppe ergibt 1L,"1,09 €","1,09 €/l","inkl. MwSt., zzgl. 4.95 € Versandkosten.",lieferbar innerhalb von 2-5 Werktagen,2023-05-03 02:18:12.970515,"Klare Fleischsuppe mit Nudeln, Klößchen und Gemüse",,"Verantwortliches Lebensmittelunternehmen:
Maggi GmbH, 78221 Singen (Hohentwiel)","Zutatenverzeichnis: 52,6 % Nudeln (HARTWEIZENGRIESS), 14 % Grießklößchen (WEIZENGRIESS, Palmfett, HÜHNEREI-EIWEISS, EIGELBPULVER, MILCHZUCKER, Jodsalz, WEIZENMEHL, Muskatnuss), Jodsalz, 5,3 % Rindfleischklößchen (52,6 %** Rindfleisch, WEIZENMEHL, Salz, Zwiebeln, Rinderfett, HÜHNEREI-EIWEISS, Gewürze, Antioxidationsmittel Extrakt aus Rosmarin), 3,5 % Gemüse (Karotten, Lauch, Zwiebeln), Hefeextrakt, Zucker, Rindfleischextrakt, Petersilie, Gewürze (Kurkuma, Pfeffer, Koriander, Muskatnuss), Sonnenblumenöl, Würze (aus WEIZEN), Salz, Aromen (mit WEIZEN, SELLERIEÖL), Palmfett, Säuerungsmittel Citronensäure. **Anteil in Klößchen Kann MILCH, SELLERIE, SOJA und SENF enthalten.",18,78,"0,3","0,2","2,9","0,3","0,9","0,8",https://www.edeka24.de/Lebensmittel/Fertiggerichte/Suppen-zum-Anruehren/Maggi-Guten-Appetit-Hochzeits-Suppe-ergibt-1L.html,https://www.edeka24.de/out/pictures/generated/product/1/540_540_90/maggi_gap_hochzeits_suppe_f1l.jpg
3593,Lebensmittel,Fertiggerichte,Suppen zum Anrühren,Maggi Hackfleisch Käse-Suppe 46G,"1,19 €","25,87 €/kg","inkl. MwSt., zzgl. 4.95 € Versandkosten.",lieferbar innerhalb von 2-5 Werktagen,2023-05-03 02:18:17.878866,Fix für Hackfleisch-Suppe mit Lauch,,"Verantwortliches Lebensmittelunternehmen:
Maggi GmbH, 78221 Singen (Hohentwiel)","Zutatenverzeichnis: Kartoffelstärke*, Sonnenblumenöl*, WEIZENMEHL*, Jodsalz (Salz, Kaliumjodat), MILCHZUCKER*, 3,9% Lauch*, Gewürze* (Zwiebeln, Knoblauch, Pfeffer, Kurkuma), Würze* (aus WEIZEN), Zucker*, Salz, Weißweinextrakt*, MILCHEIWEISSERZEUGNIS*, natürliche Aromen* (mit SENFÖL), Zitronensaft*, Spinat*, natürliches Zitronenaroma*. Kann SELLERIE, EIER, SOJA und SENF enthalten. *natürliche Zutaten.",513,123,9,"4,1","3,8",2,"6,4","0,98",https://www.edeka24.de/Lebensmittel/Fertiggerichte/Suppen-zum-Anruehren/Maggi-Hackfleisch-Kaese-Suppe-46G.html,https://www.edeka24.de/out/pictures/generated/product/1/540_540_90/maggi_idee_fr_hackfleisch_ksesuppe_46_g.jpg
3594,Lebensmittel,Fertiggerichte,Suppen zum Anrühren,Knorr Feinschmecker Broccoli Cremseuppe 50G,"1,39 €","27,80 €/kg","inkl. MwSt., zzgl. 4.95 € Versandkosten.",lieferbar innerhalb von 2-5 Werktagen,2023-05-03 02:18:24.142893,Broccoli Cremesuppe,,"Verantwortliches Lebensmittelunternehmen:
Unilever Deutschland, Postfach 57 05 50, 22774 Hamburg","Zutatenverzeichnis: Palmöl, Stärke, WEIZENMEHL, Kartoffeln², Hefeextrakt, jodiertes Speisesalz, 5,3% Broccoli², Zucker, Glukosesirup, Speisesalz, 2,3% Blumenkohl², MILCHEIWEISS, 1,6% Zwiebeln², Kochsalzersatz4, Maltodextrin, Spinat², SELLERIE², Muskatnuss, Curcuma, Gemüsesaftkonzentrate (Steckrübe, Wirsing), Aromen. Kann Spuren von EI, SOJA und SENF enthalten. ² Aus nachhaltigem Anbau. 4 Gewonnen aus natürlichen Kaliummineralien.",139,33,"2,3","1,4","3,4","0,5",1,"0,87",https://www.edeka24.de/Lebensmittel/Fertiggerichte/Suppen-zum-Anruehren/Knorr-Feinschmecker-Broccoli-Cremseuppe-50G.html,https://www.edeka24.de/out/pictures/generated/product/1/540_540_90/knorr_feinschmecker_broccoli_suppe_famp252r_500ml_50g.jpg
3595,Lebensmittel,Fertiggerichte,Suppen zum Anrühren,Maggi Bio Gemüse Cremesuppe ergibt 500ML,"1,39 €","2,78 €/l","inkl. MwSt., zzgl. 4.95 € Versandkosten.",lieferbar innerhalb von 2-5 Werktagen,2023-05-03 02:18:29.955169,Gemüsecremesuppe mit 15% Gemüse,,"Verantwortliches Lebensmittelunternehmen:
Maggi GmbH, Julius-Bührer-Straße 8, 78224 Singen","Zutatenverzeichnis: WEIZENMEHL*, Kartoffelstärke*, Kartoffeln*, Salz, MAGERMILCHPULVER*, 5 % SELLERIE*, 3,9 % Karotten*, Würze* (aus WEIZEN), 3,6 % Kürbis*, Sonnenblumenöl*, 1,9 % Zwiebeln*, 0,6% Tomaten*, Gewürze (Knoblauch*, Kurkuma*, Muskatnuss*, Pfeffer*), Kräuter (Liebstöckel*, Petersilie*), natürliches Gemüsearoma, Antioxidationsmittel Extrakt aus Rosmarin*. Kann EIER, FISCH und SOJA enthalten. *Aus kontrolliert ökologischer Landwirtschaft",116,27,"0,3",0,5,"0,6","0,9","0,66",https://www.edeka24.de/Lebensmittel/Fertiggerichte/Suppen-zum-Anruehren/Maggi-Bio-Gemuese-Cremesuppe-ergibt-500ML.html,https://www.edeka24.de/out/pictures/generated/product/1/540_540_90/bio_maggi_gemamp252se_cremesuppe_famp252r_500ml.jpg
3596,Lebensmittel,Fertiggerichte,Suppen zum Anrühren,Maggi Bio Tomaten Cremesuppe ergibt 500ML,"1,29 €","2,58 €/l","inkl. MwSt., zzgl. 4.95 € Versandkosten.",lieferbar innerhalb von 2-5 Werktagen,2023-05-03 02:18:34.798806,Tomatensuppe,,"Verantwortliches Lebensmittelunternehmen:
Maggi GmbH, Julius-Bührer-Straße 8, 78224 Singen","Zutatenverzeichnis: 30,9 % Tomaten*, WEIZENMEHL*, Kartoffelstärke*, Zucker*, Würze* (aus WEIZEN), Salz, Sonnenblumenöl*, Zwiebeln*, Pastinake*, Kräuter (Petersilie*, Oregano*, Lorbeer*). Kann MILCH, EIER, SELLERIE, SENF und SOJA enthalten. *Aus kontrolliert ökologischer Landwirtschaft",143,33,"0,3",0,"6,6","3,1","0,8","0,66",https://www.edeka24.de/Lebensmittel/Fertiggerichte/Suppen-zum-Anruehren/Maggi-Bio-Tomaten-Cremesuppe-ergibt-500ML.html,https://www.edeka24.de/out/pictures/generated/product/1/540_540_90/bio_maggi_tomaten_cremesuppe_famp252r_500ml.jpg
3597,Lebensmittel,Fertiggerichte,Suppen zum Anrühren,Maggi Bio Hühner Suppe ergibt 500ML,"1,39 €","2,78 €/l","inkl. MwSt., zzgl. 4.95 € Versandkosten.",lieferbar innerhalb von 2-5 Werktagen,2023-05-03 02:18:40.152362,"Hühnersuppe mit Nudeln, 3,6% Hühnerfleisch und Hühnerfett",,"Verantwortliches Lebensmittelunternehmen:
Maggi GmbH, Julius-Bührer-Straße 8, 78224 Singen","Zutatenverzeichnis: 67,6 % Nudeln* (HARTWEIZENGRIESS), natürliches Huhnaroma, Salz, Kartoffelstärke*, Zucker*, Würze* (aus WEIZEN), 2,9 % Karotten*, Hühnerfleisch*, Lauch*, Hühnerfett*, SELLERIE*, Gewürze (Kurkuma*, Knoblauch*), Petersilie*, Antioxidationsmittel Extrakt aus Rosmarin*. Kann MILCH, EIER, SOJA und FISCH enthalten. *Aus kontrolliert ökologischer Landwirtschaft",98,23,"0,4","0,1","3,8","0,4",1,"0,66",https://www.edeka24.de/Lebensmittel/Fertiggerichte/Suppen-zum-Anruehren/Maggi-Bio-Huehner-Suppe-ergibt-500ML.html,https://www.edeka24.de/out/pictures/generated/product/1/540_540_90/bio_maggi_hamp252hner_suppe_famp252r_500ml.jpg
3598,Lebensmittel,Fertiggerichte,Suppen zum Anrühren,Knorr Suppenliebe Suppe mit Rind 76G,"1,09 €","14,34 €/kg","inkl. MwSt., zzgl. 4.95 € Versandkosten.",lieferbar innerhalb von 2-5 Werktagen,2023-05-03 02:18:45.642140,"Nudelsuppe mit Rindsgeschmack und 0,4% Rindfleisch",,"Verantwortliches Lebensmittelunternehmen:
Unilever Deutschland, Postfach 57 05 50, 22774 Hamburg","Zutatenverzeichnis: 82% HARTWEIZENGRIESSTEIGWAREN¹, jodiertes Speisesalz, Hefeextrakt¹, Aromen, 2% Karotten¹², Stärke¹, Speisesalz, Maiskeimöl¹, Kräuter¹ (SELLERIEBLÄTTER, Petersilie²), Rindfleischpulver¹, Zwiebeln¹², Gewürze¹ (Curcuma, Knoblauch², Muskat, Pfeffer). Kann andere GLUTENHALTIGE GETREIDE, MILCH, EI, SOJA und SENF enthalten. ¹ Natürliche Zutaten sind mit einem Sternchen gekennzeichnet. ² Aus nachhaltigem Anbau.",35,148,"0,5","0,1","6,7","0,5","1,4","0,72",https://www.edeka24.de/Lebensmittel/Fertiggerichte/Suppen-zum-Anruehren/Knorr-Suppenliebe-Suppe-mit-Rind-76G.html,https://www.edeka24.de/out/pictures/generated/product/1/540_540_90/knorr_suppenliebe_rindfleisch_suppe_76g(1).jpg
3599,Lebensmittel,Fertiggerichte,Suppen zum Anrühren,Knorr Suppenliebe Zahlen Suppe 84G,"1,09 €","12,98 €/kg","inkl. MwSt., zzgl. 4.95 € Versandkosten.",lieferbar innerhalb von 2-5 Werktagen,2023-05-03 02:18:49.573840,Klare Suppe mit Nudeln,,"Verantwortliches Lebensmittelunternehmen:
Unilever Deutschland, Postfach 57 05 50, 22774 Hamburg","Zutatenverzeichnis: 81% Nudeln¹ (HARTWEIZENGRIESS), jodiertes Speisesalz, Stärke¹, Hefeextrakt, Palmöl, Kochsalzersatz³, Speisesalz, Sojasaucenpulver (Maltodextrin, Speisesalz, Sojasauce (SOJABOHNEN, WEIZEN)), Zwiebeln¹², Karotten¹², SELLERIESAMEN¹, Muskat¹, Curcuma¹, Knoblauch¹², Pfeffer¹, Petersilie¹², Aromen, Zwiebelsaftkonzentrat², Sonnenblumenöl. Kann andere GLUTENHALTIGE GETREIDE, MILCH, EI und SENF enthalten. ¹ Natürliche Zutaten sind mit einem Sternchen gekennzeichnet. ² Aus nachhaltigem Anbau. ³ Gewonnen aus natürlichen Kaliummineralien.",123,29,"0,5","0,2","5,3","0,5","1,1","0,65",https://www.edeka24.de/Lebensmittel/Fertiggerichte/Suppen-zum-Anruehren/Knorr-Suppenliebe-Zahlen-Suppe-84G.html,https://www.edeka24.de/out/pictures/generated/product/1/540_540_90/knorr_suppenliebe_zahlen_suppe_famp252r_1l_84g.jpg
3600,Lebensmittel,Fertiggerichte,Suppen zum Anrühren,Alnatura Bio Hühner-Nudel-Suppe 38G,"1,29 €","33,95 €/kg","inkl. MwSt., zzgl. 4.95 € Versandkosten.",lieferbar innerhalb von 2-5 Werktagen,2023-05-03 02:18:53.954806,-,Hinweis zur Aufbewahrung: Bitte trocken lagern und vor Wärme schützen.,"Verantwortliches Lebensmittelunternehmen:
Alnatura GmbH, Mahatma-Gandhi-Straße 7, 64295 Darmstadt","Zutatenverzeichnis: Teigwaren* 68% (HARTWEIZENGRIEß*), Meersalz, Hühnerfleischpulver* 8,1%, Karotten* 3,3%, Glukosesirup*, Lauch* 2,2%, Rohrohrzucker*, Zwiebeln*, Geflügelfett* 0,4%, Hefeextrakt*, Geflügelbrühe* (Wasser, Truthahnkarkasse*, Huhnkarkasse*) 0,2%, SELLERIE*, Kurkuma*, Karamellzucker*, Liebstöckelblätter* *aus biologischer Landwirtschaft . Kann Spuren von MILCH, SOJA, EIERN und SENF enthalten.",90,21,"0,5","0,1","4,2","0,5","1,1","0,8",https://www.edeka24.de/Lebensmittel/Fertiggerichte/Suppen-zum-Anruehren/Alnatura-Bio-Huehner-Nudel-Suppe-38G.html,https://www.edeka24.de/out/pictures/generated/product/1/540_540_90/alnatutrahnernudelsuppe.jpg
3601,Lebensmittel,Fertiggerichte,Suppen zum Anrühren,Maggi Für Genießer Spargel Cremesuppe ergibt 500ML,"1,29 €","2,58 €/l","inkl. MwSt., zzgl. 4.95 € Versandkosten.",lieferbar innerhalb von 2-5 Werktagen,2023-05-03 02:18:57.529678,-,,"Verantwortliches Lebensmittelunternehmen:
Maggi GmbH, 78221 Singen (Hohentwiel)","Zutatenverzeichnis: Stärke, MAGERMILCHPULVER, WEIZENMEHL, Sonnenblumenöl, 7,8 % Spargel, Jodsalz, Aromen (mit WEIZEN), Zucker, MOLKENERZEUGNIS, Gewürze (Muskatnuss, Pfeffer, Kurkuma), Petersilie, MILCHEIWEISS, Glukosesirup, Hefeextrakt, Säuerungsmittel Citronensäure. Kann SELLERIE, EIER, SENF und SOJA enthalten.",163,39,1,"0,1",6,"2,1","1,4","0,79",https://www.edeka24.de/Lebensmittel/Fertiggerichte/Suppen-zum-Anruehren/Maggi-Fuer-Geniesser-Spargel-Cremesuppe-ergibt-500ML.html,https://www.edeka24.de/out/pictures/generated/product/1/540_540_90/maggi_fg_spargcrsuppf500ml.jpg
3602,Lebensmittel,Fertiggerichte,Suppen zum Anrühren,Maggi Bio Kartoffel Cremesuppe ergibt 500ML,"1,29 €","2,58 €/l","inkl. MwSt., zzgl. 4.95 € Versandkosten.",lieferbar innerhalb von 2-5 Werktagen,2023-05-03 02:19:01.189326,Kartoffelcremesuppe,,"Verantwortliches Lebensmittelunternehmen:
Maggi GmbH, Julius-Bührer-Straße 8, 78224 Singen","Zutatenverzeichnis: 39,1 Kartoffeln*, WEIZENMEHL*, Kartoffelstärke*, Salz, MAGERMILCHPULVER*, 3,4 % Zwiebeln*, Würze* (aus WEIZEN), Sonnenblumenöl*, 2,3 % Karotten*, Lauch*, Gewürze (Knoblauch*, Kurkuma*, Muskatnuss*, Kümmel*, Pfeffer*), Majoran*, Antioxidationsmittel Extrakt aus Rosmarin*. Kann EIER, SELLERIE, FISCH und SOJA enthalten. *Aus kontrolliert ökologischer Landwirtschaft",128,30,"0,3",0,"5,8","0,5",1,"0,66",https://www.edeka24.de/Lebensmittel/Fertiggerichte/Suppen-zum-Anruehren/Maggi-Bio-Kartoffel-Cremesuppe-ergibt-500ML.html,https://www.edeka24.de/out/pictures/generated/product/1/540_540_90/bio_maggi_kartoffel_cremesuppe_famp252r_500ml.jpg
3603,Lebensmittel,Fertiggerichte,Suppen zum Anrühren,Knorr Suppenliebe Avengers 41G,"1,09 €","26,59 €/kg","inkl. MwSt., zzgl. 4.95 € Versandkosten.",lieferbar innerhalb von 2-5 Werktagen,2023-05-03 02:19:05.174219,Leicht gebundene Tomatensuppe mit Nudeln,,"Verantwortliches Lebensmittelunternehmen:
Unilever Deutschland, Postfach 57 05 50, 22774 Hamburg","Zutatenverzeichnis: 58% Nudeln¹ (HARTWEIZENGRIESS), 17% Tomatenpulver¹², Stärke¹, jodiertes Speisesalz, Apfelpulver¹, Zwiebeln¹², Hefeextrakt¹, Maiskeimöl¹, Speisesalz, Knoblauch¹², Pfeffer¹, Aromen. Kann EI, MILCH, SELLERIE, SENF, SOJA, andere GLUTENHALTIGRE GETREIDE enthalten. ¹Natürliche Zutaten sind mit einem Sternchen gekennzeichnet. ² Aus nachhaltigem Anbau.",115,27,"0,5","0,1","5,5","0,9","0,9","0,59",https://www.edeka24.de/Lebensmittel/Fertiggerichte/Suppen-zum-Anruehren/Knorr-Suppenliebe-Avengers-41G.html,https://www.edeka24.de/out/pictures/generated/product/1/540_540_90/knorravengers.jpg
3604,Lebensmittel,Fertiggerichte,Suppen zum Anrühren,Knorr Suppenliebe Die Eiskönigin Suppe 40G,"1,09 €","27,25 €/kg","inkl. MwSt., zzgl. 4.95 € Versandkosten.",lieferbar innerhalb von 2-5 Werktagen,2023-05-03 02:19:08.850154,Klare Suppe mit Nudeln und Gemüse,,"Verantwortliches Lebensmittelunternehmen:
Unilever Deutschland, Postfach 57 05 50, 22774 Hamburg","Zutatenverzeichnis: 60% Nudeln¹ (HARTWEIZENGRIESS), Hefeextrakt¹, Stärke¹, Palmöl, jodiertes Speisesalz, Speisesalz, 2,1% Zwiebeln¹², Knoblauch¹², 1,5% Karotten¹², 1,3% Röstzwiebelpulver¹², Petersilie¹², Bockshornkleesamen¹, SELLERIESAMEN¹, Muskatnuss¹, Liebstöckelwurzel¹, Pfeffer¹, Kurkuma¹. Kann EI, MILCH, SENF, SOJA, andere GLUTENHALTIGE GETREIDE enthalten. ¹ Natürliche Zutaten sind mit einem Sternchen gekennzeichnet. ² Aus nachhaltigem Anbau.",123,29,"0,5","0,3","4,8","0,5","1,2","0,58",https://www.edeka24.de/Lebensmittel/Fertiggerichte/Suppen-zum-Anruehren/Knorr-Suppenliebe-Die-Eiskoenigin-Suppe-40G.html,https://www.edeka24.de/out/pictures/generated/product/1/540_540_90/knorreisknigin.jpg
3605,Lebensmittel,Fertiggerichte,Suppen zum Anrühren,Knorr Feinschmecker Tomaten Suppe Toscana 59G,"1,39 €","23,56 €/kg","inkl. MwSt., zzgl. 4.95 € Versandkosten.",lieferbar innerhalb von 2-5 Werktagen,2023-05-03 02:19:12.325072,Tomaten Suppe Toscana,,"Verantwortliches Lebensmittelunternehmen:
Unilever Deutschland, Postfach 57 05 50, 22774 Hamburg","Zutatenverzeichnis: 36% Tomatenpulver², Stärke, Palmöl, WEIZENMEHL, Zucker, jodiertes Speisesalz, 2,4% geröstete Zwiebeln², MOLKENERZEUGNIS, Maltodextrin, Kochsalzersatz4, MILCHZUCKER, Speisesalz, Rote-Bete-Pulver², Kräuter² (Basilikum, Oregano, Thymian), SELLERIE², Knoblauch², Petersilienwurzel², Aromen, Hefeextrakt. Kann Spuren von EI, SENF und SOJA enthalten. ² Aus nachhaltigem Anbau. 4 Gewonnen aus natürlichen Kaliummineralien.",190,46,"1,5",1,"6,8","3,4","0,9","0,77",https://www.edeka24.de/Lebensmittel/Fertiggerichte/Suppen-zum-Anruehren/Knorr-Feinschmecker-Tomaten-Suppe-Toscana-59G.html,https://www.edeka24.de/out/pictures/generated/product/1/540_540_90/knorr_feinschmecker_tomaten_suppe_toscana_59g.jpg
3606,Lebensmittel,Fertiggerichte,Suppen zum Anrühren,Knorr Natürlich Lecker Kürbis Suppe 64G,"1,59 €","24,84 €/kg","inkl. MwSt., zzgl. 4.95 € Versandkosten.",lieferbar innerhalb von 2-5 Werktagen,2023-05-03 02:19:16.165129,Kürbis Suppe,,"Verantwortliches Lebensmittelunternehmen:
Unilever Deutschland, Postfach 57 05 50, 22774 Hamburg","Zutatenverzeichnis: 26% Kartoffeln², 22% Kürbis² (Pulver, Stücke), MAGERMILCHPULVER, Stärke, Meersalz, Gemüsemais², Zucker, Erbsenpulver, Karottensaftpulver², 3% Röstzwiebelpulver², natives Olivenöl extra, Knoblauch², Curcuma, Zitronensaftpulver, Muskatnuss, Ingwer, Speisesalz, Paprika², Pfeffer. Kann Spuren von GLUTEN, EI, SOJA, SELLERIE und SENF enthalten. ² Aus nachhaltigem Anbau.",186,44,"0,6","0,1","7,3","3,1","1,3","0,73",https://www.edeka24.de/Lebensmittel/Fertiggerichte/Suppen-zum-Anruehren/Knorr-Natuerlich-Lecker-Kuerbis-Suppe-64G.html,https://www.edeka24.de/out/pictures/generated/product/1/540_540_90/knorrkrbissuppe.jpg
3607,Lebensmittel,Fertiggerichte,Suppen zum Anrühren,Knorr Feinschmecker Zwiebel Suppe 62G,"1,39 €","22,42 €/kg","inkl. MwSt., zzgl. 4.95 € Versandkosten.",lieferbar innerhalb von 2-5 Werktagen,2023-05-03 02:19:19.574247,-,,"Verantwortliches Lebensmittelunternehmen:
Unilever Deutschland, Postfach 57 05 50, 22774 Hamburg","Zutatenverzeichnis: 44% Zwiebeln², Stärke, Palmöl, jodiertes Speisesalz, Maltodextrin, Hefeextrakt, WEIZENMEHL, Aromen, Fruktose, Speisesalz, Gemüsesaftkonzentrate (SELLERIE², Zwiebeln², Karotten², Lauch²), Gewürze (Knoblauch², Pfeffer, Curcuma, Kümmel), Weißweinextrakt, Karamellzuckersirup, Säuerungsmittel Citronensäure, Sonnenblumenöl. Kann Spuren von MILCH, EI, SENF und SOJA enthalten. ² Aus nachhaltigem Anbau.",128,31,"0,9","0,6","4,5","1,5","0,7","0,93",https://www.edeka24.de/Lebensmittel/Fertiggerichte/Suppen-zum-Anruehren/Knorr-Feinschmecker-Zwiebel-Suppe-62G.html,https://www.edeka24.de/out/pictures/generated/product/1/540_540_90/knorr_feinschmecker_zwiebel_suppe_62_g.jpg
3608,Lebensmittel,Fertiggerichte,Suppen zum Anrühren,Maggi Guten Appetit! Tomaten Cremesuppe ergibt 1L,"1,09 €","1,09 €/l","inkl. MwSt., zzgl. 4.95 € Versandkosten.",lieferbar innerhalb von 2-5 Werktagen,2023-05-03 02:19:22.584909,-,,"Verantwortliches Lebensmittelunternehmen:
Maggi GmbH, 78221 Singen (Hohentwiel)","Zutatenverzeichnis: 30% Tomaten, WEIZENMEHL, Maisstärke, Zucker, Jodsalz, Gewürze (Zwiebeln, Paprika, Knoblauch, Pfeffer), Kräuter (Lorbeer, Majoran), geräucherter Speck (Speck, Rauch), Sonnenblumenöl, Hefeextrakt, Aromen, Verdickungsmittel Guarkernmehl. Kann MILCH, EIER, SENF, SOJA und SELLERIE enthalten.",119,28,"0,3","0,1","5,4","2,2","0,8","0,89",https://www.edeka24.de/Lebensmittel/Fertiggerichte/Suppen-zum-Anruehren/Maggi-Guten-Appetit-Tomaten-Cremesuppe-ergibt-1L.html,https://www.edeka24.de/out/pictures/generated/product/1/540_540_90/maggi_guten_appetit_tomatencremesuppe.jpg
3609,Lebensmittel,Fertiggerichte,Suppen zum Anrühren,Knorr Natürlich Lecker Waldpilz Suppe 57G,"1,59 €","27,89 €/kg","inkl. MwSt., zzgl. 4.95 € Versandkosten.",lieferbar innerhalb von 2-5 Werktagen,2023-05-03 02:19:26.081585,Waldpilz Suppe,,"Verantwortliches Lebensmittelunternehmen:
Unilever Deutschland, Postfach 57 05 50, 22774 Hamburg","Zutatenverzeichnis: MAGERMILCHPULVER, Stärke, WEIZENMEHL, 13% Mascarpone-FRISCHKÄSE, 5,6% Waldpilze (3,9% Steinpilze, 1,7% Butterpilze), Meersalz, 5,3% Champignons, BUTTERSCHMALZ, 1,8% Zwiebeln², Tomatenpulver², Zucker, Petersilie², Majoran, Knoblauch², Pfeffer, Muskatnuss. Kann Spuren von EI, SOJA, SELLERIE und SENF enthalten. ² Aus nachhaltigem Anbau.",190,45,"1,5","0,9","5,7","2,3",2,"0,72",https://www.edeka24.de/Lebensmittel/Fertiggerichte/Suppen-zum-Anruehren/Knorr-Natuerlich-Lecker-Waldpilz-Suppe-57G.html,https://www.edeka24.de/out/pictures/generated/product/1/540_540_90/knorr_natrlich_lecker_waldpilz_suppe_57g.jpg
3610,Lebensmittel,Fertiggerichte,Suppen zum Anrühren,Knorr Natürlich Lecker Tomaten Suppe Toscana 58G,"1,59 €","27,41 €/kg","inkl. MwSt., zzgl. 4.95 € Versandkosten.",lieferbar innerhalb von 2-5 Werktagen,2023-05-03 02:19:29.661949,Tomaten Suppe Toscana,,"Verantwortliches Lebensmittelunternehmen:
Unilever Deutschland, Postfach 57 05 50, 22774 Hamburg","Zutatenverzeichnis: 53% Tomaten² (Pulver, Stücke), Stärke, Zucker, 7,6% Zwiebeln², Meersalz, Karottensaftpulver², natives Olivenöl extra, 2% Knoblauch², Petersilie², Oregano², Pfeffer. Kann Spuren von GLUTEN, MILCH, EI, SOJA, SELLERIE und SENF enthalten. ² Aus nachhaltigem Anbau.",158,38,"0,5","0,1","6,9","4,3",1,"0,62",https://www.edeka24.de/Lebensmittel/Fertiggerichte/Suppen-zum-Anruehren/Knorr-Natuerlich-Lecker-Tomaten-Suppe-Toscana-58G.html,https://www.edeka24.de/out/pictures/generated/product/1/540_540_90/knorr_natrlich_lecker_tomatensuppe_toscana_58g.jpg
3611,Lebensmittel,Fertiggerichte,Suppen-Eintöpfe,Erasco Schweizer Käse-Maccaroni 800G,"4,29 €","5,36 €/kg","inkl. MwSt., zzgl. 4.95 € Versandkosten.",lieferbar innerhalb von 2-5 Werktagen,2023-05-03 02:19:32.847539,Nudeln in Käsesauce mit Hackbällchen,,"Verantwortliches Lebensmittelunternehmen:
GB FOODS DEUTSCHLAND GMBH, Geniner Straße 88-100, 23560 Lübeck","Zutatenverzeichnis: Wasser, 20% gekochte Nudeln (HARTWEIZENGRIEß (GLUTEN), Wasser, EIKLAR)), 8,9% Fleischklößchen (Schweinefleisch z.T. fein zerkleinert, Zwiebeln, Paniermehl (WEIZENMEHL (GLUTEN), Speisesalz, Hefe)), HÜHNEREIKLAR, Trinkwasser, WEIZENGLUTEN, WEIZENSTÄRKE, Rapsöl, jodiertes Speisesalz (Speisesalz, Kaliumjodat), Gewürze, Dextrose)), Zwiebeln, Rapsöl, 1,6% KÄSE, modifizierte Stärke, SAHNE, Salz, Aroma (enthält EI), MOLKENPROTEIN, Kochsalzersatz (Kaliumchlorid), Zucker, Speck (Schweinebacke, Salz, Rauch), Knoblauch, Petersilie, Dextrose, Verdickungsmittel: Guarkernmehl und Xanthan, Emulgator: E472e, Säureregulator: Natriumcitrate. Kann Spuren von SELLERIE, SOJA und SENF enthalten.",107,445,"6,7","1,4","8,1","0,5","3,2","0,83",https://www.edeka24.de/index.php?cl=details&anid=5b0c4533b65b85c169c4c03f05d5f2e6&emcs0=3&emcs1=Kategorieseite%20-%20Topseller&emcs2=&emcs3=1403092007,https://www.edeka24.de/out/pictures/generated/product/1/540_540_90/erascoschweikmac.jpg
3612,Lebensmittel,Fertiggerichte,Suppen-Eintöpfe,Erasco Feurige Thai-Suppe 390ML,"1,69 €","4,33 €/l","inkl. MwSt., zzgl. 4.95 € Versandkosten.",lieferbar innerhalb von 2-5 Werktagen,2023-05-03 02:19:36.492221,-,,"Verantwortliches Lebensmittelunternehmen:
GB FOODS DEUTSCHLAND GMBH, Geniner Straße 88-100, 23560 Lübeck","Zutatenverzeichnis: Wasser, 8,6% Gemüse (Mungobohnenkeimlinge, Bambussprossen, roter Paprika, Möhren), 5,1% Glasnudeln (Wasser, Mungobohnenstärke, Salz), 4,2% gegartes Hühnerfleisch (Hühnerfleisch, Salz), 0,8% Mu-err-Pilze, Hühnerfett, Zucker, Salz, Kochsalzersatz (Kaliumchlorid), SOJASOßE (Wasser, SOJABOHNEN, WEIZEN (GLUTEN), Salz), Dextrose, Zitronensaftkonzentrat, färbender Möhrenextrakt, Aroma (enthält EI), Verdickungsmittel: Guarkernmehl. Kann Spuren von SELLERIE, MILCH und SENF enthalten.",32,134,"1,2","0,4","3,6","1,2","1,5","0,91",https://www.edeka24.de/index.php?cl=details&anid=03Bk2V9oRJzhKolGWBzBEd-1&emcs0=3&emcs1=Kategorieseite%20-%20Topseller&emcs2=&emcs3=130573003,https://www.edeka24.de/out/pictures/generated/product/1/540_540_90/erasco_feurige_thaisuppe_390_ml.jpg
3613,Lebensmittel,Fertiggerichte,Suppen-Eintöpfe,Erasco Kartoffel-Topf mit Würstchen 800G,"3,49 €","4,36 €/kg","inkl. MwSt., zzgl. 4.95 € Versandkosten.",lieferbar innerhalb von 2-5 Werktagen,2023-05-03 02:19:39.928798,-,,"Verantwortliches Lebensmittelunternehmen:
GB FOODS DEUTSCHLAND GMBH, Geniner Straße 88-100, 23560 Lübeck","Zutatenverzeichnis: 45% Kartoffeln (Kartoffeln, Antioxidationsmittel: NATRIUMDISULFIT), Wasser, 5,5% Bockwurstscheiben (Schweinefleisch, Trinkwasser, jodiertes Speisesalz (Speisesalz, Kaliumjodat), Gewürze, Dextrose, Stärke, Geliermittel; Carrageen, Stabilisator: Diphosphat, Gewürzextrakte, Antioxidationsmittel: Ascorbinsäure, Rauch), 5,3% Möhren, 1,1% Porree, Rapsöl, Speck (Schweinebacke, Salz, Rauch), modifizierte Stärke, Salz, Zucker, Hefeextrakt, Petersilie, Dextrose, Raucharoma, Aroma, Emulgator: E472e, färbender Paprikaextrakt, Säuerungsmittel: Citronensäure, Antioxidationsmittel: Ascorbinsäure und NATRIUMDISULFIT, Verdickungsmittel: Guarkernmehl und Xanthan. Kann Spuren von SELLERIE, SOJA, SENF, WEIZEN (GLUTEN), MILCH und EI enthalten.",61,255,"2,2","0,8","8,2","0,7","1,8","0,92",https://www.edeka24.de/index.php?cl=details&anid=ivtZcN6jRJzhKolGWBzBEd-1&emcs0=3&emcs1=Kategorieseite%20-%20Topseller&emcs2=&emcs3=128475007,https://www.edeka24.de/out/pictures/generated/product/1/540_540_90/erasco_kartoffeltopf_mit_wrstchen_800_g.jpg
3614,Lebensmittel,Fertiggerichte,Suppen-Eintöpfe,Erasco Tomaten Cremesuppe 390ML,"1,69 €","4,33 €/l","inkl. MwSt., zzgl. 4.95 € Versandkosten.",lieferbar innerhalb von 2-5 Werktagen,2023-05-03 02:19:44.612558,-,,"Verantwortliches Lebensmittelunternehmen:
GB FOODS DEUTSCHLAND GMBH, Geniner Straße 88-100, 23560 Lübeck","Zutatenverzeichnis: 83% gewürfelte und passierte Tomaten, Wasser, 3,5% SAHNE, Zucker, modifizierte Stärke, Salz, WEIZENMEHL (GLUTEN), Rapsöl, Kochsalzersatz (Kaliumchlorid), Verdickungsmittel: Guarkernmehl, Petersilie, Dextrose, Säuerungsmittel: Milchsäure. Kann Spuren von SELLERIE, SOJA, SENF und EI enthalten.",41,174,"1,3","0,7",6,"4,5","0,8","0,78",https://www.edeka24.de/index.php?cl=details&anid=5QoqhJOmRJzhKolGWBzBEd-1&emcs0=3&emcs1=Kategorieseite%20-%20Topseller&emcs2=&emcs3=130587002,https://www.edeka24.de/out/pictures/generated/product/1/540_540_90/erasco_tomatencremesuppe_390_ml.jpg
3615,Lebensmittel,Fertiggerichte,Suppen-Eintöpfe,Erasco Ungarische Gulaschsuppe 390ML,"1,89 €","4,85 €/l","inkl. MwSt., zzgl. 4.95 € Versandkosten.",lieferbar innerhalb von 2-5 Werktagen,2023-05-03 02:19:51.562656,-,,"Verantwortliches Lebensmittelunternehmen:
GB FOODS DEUTSCHLAND GMBH, Geniner Straße 88-100, 23560 Lübeck","Zutatenverzeichnis: Wasser, 24% passierte Tomaten, 6,7% gegartes Rindfleisch (Rindfleisch, modifizierte Stärke, Salz), 5,2% Zwiebeln, 4,5% Champignons, 2,4% roter Paprika, modifizierte Stärke, Rapsöl, WEIZENMEHL (GLUTEN), Palmöl, Zucker, Salz, Aroma (enthält SELLERIE), Raucharoma, Knoblauchpulver, Gewürze, MILCHZUCKER, GERSTENMALZEXTRAKT (GLUTEN), Kochsalzersatz (Kaliumchlorid), Hefeextrakt, Dextrose, MILCHEIWEIß, färbender Paprikaextrakt, Emulgator: E472e, Verdickungsmittel: Guarkernmehl und Xanthan, Kann Spuren von SENF, SOJA und EI enthalten.",203,48,"2,2","0,9","4,5","1,7","2,4","0,85",https://www.edeka24.de/index.php?cl=details&anid=XgoLvFCnRJzhKolGWBzBEd-1&emcs0=3&emcs1=Kategorieseite%20-%20Topseller&emcs2=&emcs3=130574006,https://www.edeka24.de/out/pictures/generated/product/1/540_540_90/erasco_ungarische_gulaschsuppe_390_ml.jpg
3616,Lebensmittel,Fertiggerichte,Suppen-Eintöpfe,Gut & Günstig Kartoffeltopf mit Würstchen 800G,"2,39 €","2,99 €/kg","inkl. MwSt., zzgl. 4.95 € Versandkosten.",lieferbar innerhalb von 2-5 Werktagen,2023-05-03 02:19:57.166575,Kartoffeltopf mit Rauchspeck und Cocktailwürstchen mit Milcheiweiß in Eigenhaut,"Hinweis zur Aufbewahrung: Trocken lagern. Nach dem Öffnen den Restinhalt der Dose in ein geeignetes Gefäß umfüllen, gekühlt aufbewahren und alsbaldig verbrauchen.","Verantwortliches Lebensmittelunternehmen:
EDEKA ZENTRALE Stiftung & Co. KG, D-22291 Hamburg","Zutatenverzeichnis: 49 % Kartoffeln (enthalten SULFIT), Wasser, 8,8 % Rauchspeck (Schweinebauch, Speisesalz, Dextrose, Gewürze, Säuerungsmittel: Natriumdiacetat, Milchsäure; Antioxidationmittel: Natriumascorbat; Konservierungsstoff: Natriumnitrit, Kaliumnitrat; Rauch), 7,5 % Cocktailwürstchen mit MILCHEIWEISS in Eigenhaut (Schweinefleisch, Speck, Wasser, MILCHEIWEISS, Speisesalz, Gewürze (enthält SENF), LAKTOSE, Dextrose, Stabilisator: Natriumcitrate; Antioxidationsmittel: Natriumascorbat; Konservierungsstoff: Natriumnitrit; Rauch), 3,6 % Karotten, Lauch, Schweineschmalz, modifizierte Stärke, Speisesalz, WEIZENMEHL, Rapsöl, Verdickungsmittel: Guarkernmehl; MAGERMILCHPULVER, HÜHNEREIWEISS, Gewürze (enthält SENF, SELLERIE), Antioxidationsmittel: Ascorbinsäure. Das Produkt kann Spuren von SOJA enthalten.",372,89,"45,6","1,9","5,9","0,4","3,4",1,https://www.edeka24.de/Lebensmittel/Fertiggerichte/Suppen-Eintoepfe/Gut-Guenstig-Kartoffeltopf-mit-Wuerstchen-800G.html,https://www.edeka24.de/out/pictures/generated/product/1/540_540_90/gampampg_kartofftopfmwuers800ml.jpg
3617,Lebensmittel,Fertiggerichte,Suppen-Eintöpfe,Erasco Feurige Thai-Suppe 390ML,"1,69 €","4,33 €/l","inkl. MwSt., zzgl. 4.95 € Versandkosten.",lieferbar innerhalb von 2-5 Werktagen,2023-05-03 02:20:01.311885,-,,"Verantwortliches Lebensmittelunternehmen:
GB FOODS DEUTSCHLAND GMBH, Geniner Straße 88-100, 23560 Lübeck","Zutatenverzeichnis: Wasser, 8,6% Gemüse (Mungobohnenkeimlinge, Bambussprossen, roter Paprika, Möhren), 5,1% Glasnudeln (Wasser, Mungobohnenstärke, Salz), 4,2% gegartes Hühnerfleisch (Hühnerfleisch, Salz), 0,8% Mu-err-Pilze, Hühnerfett, Zucker, Salz, Kochsalzersatz (Kaliumchlorid), SOJASOßE (Wasser, SOJABOHNEN, WEIZEN (GLUTEN), Salz), Dextrose, Zitronensaftkonzentrat, färbender Möhrenextrakt, Aroma (enthält EI), Verdickungsmittel: Guarkernmehl. Kann Spuren von SELLERIE, MILCH und SENF enthalten.",32,134,"1,2","0,4","3,6","1,2","1,5","0,91",https://www.edeka24.de/Lebensmittel/Fertiggerichte/Suppen-Eintoepfe/Erasco-Feurige-Thai-Suppe-390ML.html,https://www.edeka24.de/out/pictures/generated/product/1/540_540_90/erasco_feurige_thaisuppe_390_ml.jpg
3618,Lebensmittel,Fertiggerichte,Suppen-Eintöpfe,Erasco Schweizer Käse-Maccaroni 800G,"4,29 €","5,36 €/kg","inkl. MwSt., zzgl. 4.95 € Versandkosten.",lieferbar innerhalb von 2-5 Werktagen,2023-05-03 02:20:04.955495,Nudeln in Käsesauce mit Hackbällchen,,"Verantwortliches Lebensmittelunternehmen:
GB FOODS DEUTSCHLAND GMBH, Geniner Straße 88-100, 23560 Lübeck","Zutatenverzeichnis: Wasser, 20% gekochte Nudeln (HARTWEIZENGRIEß (GLUTEN), Wasser, EIKLAR)), 8,9% Fleischklößchen (Schweinefleisch z.T. fein zerkleinert, Zwiebeln, Paniermehl (WEIZENMEHL (GLUTEN), Speisesalz, Hefe)), HÜHNEREIKLAR, Trinkwasser, WEIZENGLUTEN, WEIZENSTÄRKE, Rapsöl, jodiertes Speisesalz (Speisesalz, Kaliumjodat), Gewürze, Dextrose)), Zwiebeln, Rapsöl, 1,6% KÄSE, modifizierte Stärke, SAHNE, Salz, Aroma (enthält EI), MOLKENPROTEIN, Kochsalzersatz (Kaliumchlorid), Zucker, Speck (Schweinebacke, Salz, Rauch), Knoblauch, Petersilie, Dextrose, Verdickungsmittel: Guarkernmehl und Xanthan, Emulgator: E472e, Säureregulator: Natriumcitrate. Kann Spuren von SELLERIE, SOJA und SENF enthalten.",107,445,"6,7","1,4","8,1","0,5","3,2","0,83",https://www.edeka24.de/Lebensmittel/Fertiggerichte/Suppen-Eintoepfe/Erasco-Schweizer-Kaese-Maccaroni-800G.html,https://www.edeka24.de/out/pictures/generated/product/1/540_540_90/erascoschweikmac.jpg
3619,Lebensmittel,Fertiggerichte,Suppen-Eintöpfe,Gut & Günstig Feuertopf 800G,"1,69 €","2,11 €/kg","inkl. MwSt., zzgl. 4.95 € Versandkosten.",lieferbar innerhalb von 2-5 Werktagen,2023-05-03 02:20:08.683446,Bohneneintopf mit Jagdwurst und Gemüse,"Hinweis zur Aufbewahrung: Trocken lagern. Nach dem Öffnen Restinhalt der Dose in ein geeignetes Gefäß umfüllen, gekühlt aufbewahren und alsbaldig verbrauchen.","Verantwortliches Lebensmittelunternehmen:
EDEKA ZENTRALE Stiftung & Co. KG, D-22291 Hamburg","Zutatenverzeichnis: Wasser, 30% rote Bohnen, 19% Gemüse (Zwiebeln, Karotten, grüne Bohnen, 4,7% Paprika), 7,5% Jagdwurst (Schweinefleisch, Wasser, Speisesalz, Gewürze [enthält SENF], Stabilisator: Diphosphate; Künservierungsstoff: Natriumnitrit), Tomatenmark doppelt konzentriert, WEIZENMEHL, Rapsöl, Speisesalz, Zucker, modifizierte Stärke, Gewürze (enthält SENF, SELLERIE), Verdickungsmittel: Guarkernmehl; HÜHNEREIWEIß, MAGERMILCHPULVER. Das Produkt kann Spuren von SOJA enthalten.",355,85,"2,5","0,9","9,2","2,2","4,8","1,1",https://www.edeka24.de/Lebensmittel/Fertiggerichte/Suppen-Eintoepfe/Gut-Guenstig-Feuertopf-800G.html,https://www.edeka24.de/out/pictures/generated/product/1/540_540_90/feuertopf.jpg
3620,Lebensmittel,Fertiggerichte,Suppen-Eintöpfe,Gut & Günstig Kartoffelsuppe 800G,"1,69 €","2,11 €/kg","inkl. MwSt., zzgl. 4.95 € Versandkosten.",lieferbar innerhalb von 2-5 Werktagen,2023-05-03 02:20:13.164389,Kartoffelsuppe mit Rauchspeck,Hinweis zur Aufbewahrung: Trocken lagern.,"Verantwortliches Lebensmittelunternehmen:
EDEKA ZENTRALE Stiftung & Co. KG, D-22291 Hamburg","Zutatenverzeichnis: 58% Kartoffeln (enthalten SULFIT), Wasser, 2,5% Rauchspeck (Schweinebauch, Speisesalz, Dextrose, Gewürze, Säuerungsmittel: Natriumdiacetat, Milchsäure; Antioxidationsmittel: Natriumascorbat; Konservierungsstoff: Natriumnitrit, Kaliumnitrat; Rauch), 2,5% Karotten, Speisesalz, modifizierte Stärke, WEIZENMEHL, Lauch, Rapsöl, HÜHNEREIWEIß, Verdickungsmittel: Guarkernmehl; MAGERMILCHPULVER, Gewürze (enthalten SENF, SELLERIE), Antioxidationsmittel: Ascorbinsäure. Das Produkt kann Spuren von SOJA enthalten.",199,47,"0,9","0,4","7,8","0,5","1,5",1,https://www.edeka24.de/Lebensmittel/Fertiggerichte/Suppen-Eintoepfe/Gut-Guenstig-Kartoffelsuppe-800G.html,https://www.edeka24.de/out/pictures/generated/product/1/540_540_90/gut_amp_gnstig_kartoffelsuppe.jpg
3621,Lebensmittel,Fertiggerichte,Suppen-Eintöpfe,Erasco Ungarische Gulaschsuppe 390ML,"1,89 €","4,85 €/l","inkl. MwSt., zzgl. 4.95 € Versandkosten.",lieferbar innerhalb von 2-5 Werktagen,2023-05-03 02:20:16.749883,-,,"Verantwortliches Lebensmittelunternehmen:
GB FOODS DEUTSCHLAND GMBH, Geniner Straße 88-100, 23560 Lübeck","Zutatenverzeichnis: Wasser, 24% passierte Tomaten, 6,7% gegartes Rindfleisch (Rindfleisch, modifizierte Stärke, Salz), 5,2% Zwiebeln, 4,5% Champignons, 2,4% roter Paprika, modifizierte Stärke, Rapsöl, WEIZENMEHL (GLUTEN), Palmöl, Zucker, Salz, Aroma (enthält SELLERIE), Raucharoma, Knoblauchpulver, Gewürze, MILCHZUCKER, GERSTENMALZEXTRAKT (GLUTEN), Kochsalzersatz (Kaliumchlorid), Hefeextrakt, Dextrose, MILCHEIWEIß, färbender Paprikaextrakt, Emulgator: E472e, Verdickungsmittel: Guarkernmehl und Xanthan, Kann Spuren von SENF, SOJA und EI enthalten.",203,48,"2,2","0,9","4,5","1,7","2,4","0,85",https://www.edeka24.de/Lebensmittel/Fertiggerichte/Suppen-Eintoepfe/Erasco-Ungarische-Gulaschsuppe-390ML.html,https://www.edeka24.de/out/pictures/generated/product/1/540_540_90/erasco_ungarische_gulaschsuppe_390_ml.jpg
3622,Lebensmittel,Fertiggerichte,Suppen-Eintöpfe,Erasco Linsen-Eintopf mit Würstchen 1 Portion 400G,"1,89 €","4,73 €/kg","inkl. MwSt., zzgl. 4.95 € Versandkosten.",lieferbar innerhalb von 2-5 Werktagen,2023-05-03 02:20:20.042320,Linsen-Eintopf mit Bockwurstscheiben,,"Verantwortliches Lebensmittelunternehmen:
GB FOODS DEUTSCHLAND GMBH, Geniner Straße 88-100, 23560 Lübeck","Zutatenverzeichnis: Wasser, 32% gekochte Linsen, 6,0% Bockwurstscheiben (Schweinefleisch, Trinkwasser, jodiertes Speisesalz (Speisesalz, Kaliumjodat)), Gewürze, Dextrose, Stärke, Geliermittel: Carrageen, Stabilisator: Diphosphat, Gewürzeextrakte, Antioxidationsmittel: Ascorbinsäure, Rauch), 5,9% Kartoffeln, 5,7% Möhren, modifizierte Stärke, SENF (Wasser, SENFSAATEN, Branntweinessig, Salz, Gewürze), Salz, Tomatenmark, Zucker, Hefeextrakt, Speck (Schweinebacke, Salz, Rauch), färbender Paprikaextrakt, Petersilie, Dextrose, Aroma, Raucharoma, Antioxidationsmittel: Ascorbinsäure, Säuerungsmittel: Citronensäure, Verdickungsmittel: Guarkernmehl. Kann Spuren von WEIZEN (GLUTEN), SOJA, EI, MILCH und SELLERIE enthalten.",75,316,"1,9","0,7","9,4","1,4","4,2","0,99",https://www.edeka24.de/Lebensmittel/Fertiggerichte/Suppen-Eintoepfe/Erasco-Linsen-Eintopf-mit-Wuerstchen-1-Portion-400G.html,https://www.edeka24.de/out/pictures/generated/product/1/540_540_90/erasco_linseneintopf_mit_wrstchen_1_portion.jpg
3623,Lebensmittel,Fertiggerichte,Suppen-Eintöpfe,Erasco Spargel Cremesuppe 390ML,"1,69 €","4,33 €/l","inkl. MwSt., zzgl. 4.95 € Versandkosten.",lieferbar innerhalb von 2-5 Werktagen,2023-05-03 02:20:23.876840,-,,"Verantwortliches Lebensmittelunternehmen:
GB FOODS DEUTSCHLAND GMBH, Geniner Straße 88-100, 23560 Lübeck","Zutatenverzeichnis: Wasser, 7,2% Spargel, modifizierte Stärke, Rapsöl, SAHNE, WEIZENMEHL (GLUTEN), Salz, MILCHZUCKER, Palmöl, Zucker, MILCHEIWEIß, Aroma, färbender Möhrenextrakt, Säuerungsmittel: Zitronensäure, Emulgator: E472e, Verdickungsmittel: Guarkernmehl und Xanthan, Dextrose. Kann Spuren von SELLERIE, SOJA, SENF und EI enthalten.",44,181,"3,2","1,5","3,2","0,7","0,4",1,https://www.edeka24.de/Lebensmittel/Fertiggerichte/Suppen-Eintoepfe/Erasco-Spargel-Cremesuppe-390ML.html,https://www.edeka24.de/out/pictures/generated/product/1/540_540_90/erasco_spargelcremesuppe_390_ml.jpg
3624,Lebensmittel,Fertiggerichte,Suppen-Eintöpfe,Erasco Pfifferling Rahmsuppe 390ML,"1,89 €","4,85 €/l","inkl. MwSt., zzgl. 4.95 € Versandkosten.",lieferbar innerhalb von 2-5 Werktagen,2023-05-03 02:20:27.238507,-,,"Verantwortliches Lebensmittelunternehmen:
GB FOODS DEUTSCHLAND GMBH, Geniner Straße 88-100, 23560 Lübeck","Zutatenverzeichnis: Wasser, 3,4% SAHNE, 3,3% Pfifferlinge, 2,7% Steinpilze granuliert, modifizierte Stärke, Tomatenmark, Palmöl, Rapsöl, Salz, WEIZENMEHL (GLUTEN), Zucker, MILCHZUCKER, färbender Paprika- und Möhrenextrakt, Hefeextrakt, MILCHEIWEIß, Kochsalzersatz (Kaliumchlorid), GERSTENMALZEXTRAKT (GLUTEN), Zwiebelpulver, Aroma (enthält SELLERIE), Verdickungsmittel: Guarkernmehl und Xanthan, Emulgator: E 472e, Dextrose. Kann Spuren von SOJA, SENF und EI enthalten.",233,56,"4,2",2,"3,7","1,3","0,7",1,https://www.edeka24.de/Lebensmittel/Fertiggerichte/Suppen-Eintoepfe/Erasco-Pfifferling-Rahmsuppe-390ML.html,https://www.edeka24.de/out/pictures/generated/product/1/540_540_90/erasco_pfifferling_rahmsuppe_390_ml.jpg
3625,Lebensmittel,Fertiggerichte,Suppen-Eintöpfe,Erasco Kartoffel Cremesuppe 390ML,"1,69 €","4,33 €/l","inkl. MwSt., zzgl. 4.95 € Versandkosten.",lieferbar innerhalb von 2-5 Werktagen,2023-05-03 02:20:30.745090,-,,"Verantwortliches Lebensmittelunternehmen:
GB FOODS DEUTSCHLAND GMBH, Geniner Straße 88-100, 23560 Lübeck","Zutatenverzeichnis: Wasser, 26% Kartoffeln, SAHNE, Rapsöl, Möhren, Speck (Schweinebacke, Salz, Rauch), 1,5% Kochschinken (Schweinefleisch, Salz, Glucosesirup, Dextrose, Gewürzextrakte, Antioxidationsmittel: Natriumascorbat, Stabilisator: Diphosphate), modifizierte Stärke, Salz, Zucker, Aroma (enthält SELLERIE und EI), Majoran, Zwiebelpulver, Knoblauchpulver, Hefeextrakt, färbender Möhrenextrakt, Emulgator: E472e, Verdickungsmittel: Guarkernmehl und Xanthan, färbender Kurkumaextrakt, Dextrose. Kann Spuren von WEIZEN (GLUTEN), SOJA und SENF enthalten.",87,363,"6,4","1,8","5,9",1,"1,2",1,https://www.edeka24.de/Lebensmittel/Fertiggerichte/Suppen-Eintoepfe/Erasco-Kartoffel-Cremesuppe-390ML.html,https://www.edeka24.de/out/pictures/generated/product/1/540_540_90/erasco_kartoffelcremesuppe_390_ml.jpg
3626,Lebensmittel,Fertiggerichte,Suppen-Eintöpfe,Erasco Linsen-Eintopf mit Würstchen 800G,"3,49 €","4,36 €/kg","inkl. MwSt., zzgl. 4.95 € Versandkosten.",lieferbar innerhalb von 2-5 Werktagen (geringer Lagerbestand),2023-05-03 02:20:34.214181,-,,"Verantwortliches Lebensmittelunternehmen:
GB FOODS DEUTSCHLAND GMBH, Geniner Straße 88-100, 23560 Lübeck","Zutatenverzeichnis: Wasser, 32% gekochte Linsen, 6,4 % Bockwurstscheiben (Schweinefleisch, Trinkwasser, jodiertes Speisesalz (Speisesalz, Kaliumjodat), Gewürze, Dextrose, Stärke, Geliermittel Carrageen, Stabilisator, Diphosphat , Gewürzextrakte, Antioxidationsmittel: Ascorbinsäure, Rauch), Kartoffeln, Möhren, Speck (Schweinebacke, Salz, Rauch), SENF (Wasser, SENFSAATEN, Branntweinessig, Salz, Gewürze), Tomatenmark, Salz, Zucker, modifizierte Stärke, Hefeextrakt, Wein-Branntweinessig, Petersilie, Dextrose, färbender Paprikaextrakt, Säuerungsmittel: Citronensäure, Antioxidationsmittel: Ascorbinsäure, Verdickungsmittel: Guarkernmehl. Kann Spuren von MILCH, WEIZEN (GLUTEN), SELLERIE, SOJA und EI enthalten.",77,323,2,"0,8","9,5","1,3","4,2","0,98",https://www.edeka24.de/Lebensmittel/Fertiggerichte/Suppen-Eintoepfe/Erasco-Linsen-Eintopf-mit-Wuerstchen-800G.html,https://www.edeka24.de/out/pictures/generated/product/1/540_540_90/erasco_linseneintopf_mit_wrstchen_800_g.jpg
3627,Lebensmittel,Fertiggerichte,Suppen-Eintöpfe,Erasco Erbsen-Eintopf mit Würstchen 800G,"3,49 €","4,36 €/kg","inkl. MwSt., zzgl. 4.95 € Versandkosten.",lieferbar innerhalb von 2-5 Werktagen,2023-05-03 02:20:37.611830,-,,"Verantwortliches Lebensmittelunternehmen:
GB FOODS DEUTSCHLAND GMBH, Geniner Straße 88-100, 23560 Lübeck","Zutatenverzeichnis: 41% Erbsen, Wasser, 5,8% Bockwurstscheiben (Schweinefleisch, Trinkwasser, jodiertes Speisesalz, (Speisesalz, Kaliumjodat), Gewürze, Dextrose, Stärke, Geliermittel Carrageen, Stabilisator: Diphosphat, Gewürzextrakte, Antioxidationsmittel Ascorbinsäure, Rauch) Kartoffeln, Möhren, Speck (Schweinebacke, Salz, Rauch), Salz, Hefeextrakt, Zucker, Zwiebelpulver, Knoblauchpulver, Petersilie, Aroma, Spinatpulver, Dextrose, Raucharoma, Verdickungsmittel: Guarkernmehl. Kann Spuren von WEIZEN (GLUTEN), SELLERIE, SOJA, SENF, MILCH und EI enthalten.",89,373,2,"0,7",10,"0,9","5,6","0,96",https://www.edeka24.de/Lebensmittel/Fertiggerichte/Suppen-Eintoepfe/Erasco-Erbsen-Eintopf-mit-Wuerstchen-800G.html,https://www.edeka24.de/out/pictures/generated/product/1/540_540_90/erasco_erbseneintopf_mit_wrstchen_800_g.jpg
3628,Lebensmittel,Fertiggerichte,Suppen-Eintöpfe,Erasco Hühner Nudel-Topf mit Hühnerbrühe 800G,"3,49 €","4,36 €/kg","inkl. MwSt., zzgl. 4.95 € Versandkosten.",lieferbar innerhalb von 2-5 Werktagen,2023-05-03 02:20:40.973496,Hühner-Nudeltopf mit 67% Hühnerbrühe,,"Verantwortliches Lebensmittelunternehmen:
GB FOODS DEUTSCHLAND GMBH, Geniner Straße 88-100, 23560 Lübeck","Zutatenverzeichnis: Wasser, 19% gekochte Muschelnudeln (HARTWEIZENGRIEß (GLUTEN),EIKLAR), 4,7 % gegartes Hühnerfleisch (Hühnerfleisch, Salz), 4,2 % Möhren, Hühnerfett, 0,7% Porree, Salz, Aromen (enthält EI und SELLERIE), Petersilie, Dextrose, färbender Möhrenextrakt, Verdickungsmittel: Guarkernmehl. Kann Spuren von MILCH, SOJA und SENF enthalten.",52,218,"2,4","0,7","5,1","0,5","2,3","0,9",https://www.edeka24.de/Lebensmittel/Fertiggerichte/Suppen-Eintoepfe/Erasco-Huehner-Nudel-Topf-mit-Huehnerbruehe-800G.html,https://www.edeka24.de/out/pictures/generated/product/1/540_540_90/erasco_hhnernudeltopf_mit_hhnerbrhe_800_g.jpg
3629,Lebensmittel,Fertiggerichte,Suppen-Eintöpfe,Erasco Ungarischer Gulasch-Topf mit aromatischem Pfeffer 800G,"4,29 €","5,36 €/kg","inkl. MwSt., zzgl. 4.95 € Versandkosten.",lieferbar innerhalb von 2-5 Werktagen,2023-05-03 02:20:44.177657,-,,"Verantwortliches Lebensmittelunternehmen:
GB FOODS DEUTSCHLAND GMBH, Geniner Straße 88-100, 23560 Lübeck","Zutatenverzeichnis: Wasser, 24% gekochte Nudeln (HARTWEIZENGRIEß, Wasser, EIKLAR), 11% gegartes Schweinefleisch (Schweinefleisch, Wasser, Salz, Glukosesirup, Dextrose, Stabilisator: Diphosphate, Oreganoextrakt), 5,3% roter Paprika, 5,3% Zwiebeln, Rapsöl, modifizierte Stärke, Salz, Kochsalzersatz (Kaliumchlorid), Gewürze (Paprikapulver, schwarzer Pfeffer), Aroma (enthält SELLERIE und EI), Verdickungsmittel: Guarkernmehl, Johannisbrotkernmehl und Xanthan, Hefeextrakt, Zucker, GERSTENMALZEXTRAKT (GLUTEN), Paprikaextrakt, Dextrose. Kann Spuren von MILCH, SOJA und SENF enthalten.",358,85,4,"0,7","8,3","0,5","3,8","0,74",https://www.edeka24.de/Lebensmittel/Fertiggerichte/Suppen-Eintoepfe/Erasco-Ungarischer-Gulasch-Topf-mit-aromatischem-Pfeffer-800G.html,https://www.edeka24.de/out/pictures/generated/product/1/540_540_90/erasco_starke_portion_gulaschtopf_ungarische_art.jpg
3630,Lebensmittel,Fertiggerichte,Suppen-Eintöpfe,Erasco Erbsen-Eintopf mit Würstchen 1 Portion 400G,"1,89 €","4,73 €/kg","inkl. MwSt., zzgl. 4.95 € Versandkosten.",lieferbar innerhalb von 2-5 Werktagen,2023-05-03 02:20:48.308645,-,,"Verantwortliches Lebensmittelunternehmen:
GB FOODS DEUTSCHLAND GMBH, Geniner Straße 88-100, 23560 Lübeck","Zutatenverzeichnis: 43% Erbsen, Wasser, Bockwurstscheiben (Schweinefleisch, Trinkwasser, jodiertes Speisesalz (Speisesalz, Kaliumjodat)), Gewürze, Dextrose, Stärke, Geliermittel: Carrageen, Stabilisator: Diphosphat, Gewürzextrakte, Antioxidationsmittel: Ascorbinsäure, Rauch), Kartoffeln, Möhren, Salz, Hefeextrakt, Zucker, Gewürze, Kräuter, Zwiebelpulver, Knoblauchpulver, Speck (Schweinebacke, Salz, Rauch), Aroma, Spinatpulver, Dextrose, Verdickungsmittel: Guarkernmehl. Kann Spuren von WEIZEN (GLUTEN), MILCH, SOJA, SENF, SELLERIE und EI enthalten.",90,377,"1,9","0,6",11,"0,9","5,8","0,91",https://www.edeka24.de/Lebensmittel/Fertiggerichte/Suppen-Eintoepfe/Erasco-Erbsen-Eintopf-mit-Wuerstchen-1-Portion-400G.html,https://www.edeka24.de/out/pictures/generated/product/1/540_540_90/erasco_erbseneintopf_mit_wrstchen_1_portion.jpg
3631,Lebensmittel,Fertiggerichte,Suppen-Eintöpfe,Erasco 1 Portion Rindfleisch Nudel-Topf 400G,"1,89 €","4,73 €/kg","inkl. MwSt., zzgl. 4.95 € Versandkosten.",lieferbar innerhalb von 2-5 Werktagen,2023-05-03 02:20:51.615656,Rindfleisch-Nudeltopf,,"Verantwortliches Lebensmittelunternehmen:
GB FOODS DEUTSCHLAND GMBH, Geniner Straße 88-100, 23560 Lübeck","Zutatenverzeichnis: Wasser, 17% gekochte Muschelnudeln (HARTWEIZENGRIEß (GLUTEN), Wasser, EIKLAR)), 5,1% gegartes Rindfleisch (Rindfleisch, Salz, Tapiokastärke), 5,0% Möhren, 3,0% Porree, Rapsöl, Salz, 0,4% SELLERIE, Aromen , Zucker, Hefeextrakt, Petersilie, Raucharoma, Dextrose, färbender Paprikaextrakt, Verdickungsmittel: Guarkernmehl. Kann Spuren von SOJA, MILCH und SENF enthalten.",40,168,"1,1","0,2",5,"0,9","2,2",1,https://www.edeka24.de/Lebensmittel/Fertiggerichte/Suppen-Eintoepfe/Erasco-1-Portion-Rindfleisch-Nudel-Topf-400G.html,https://www.edeka24.de/out/pictures/generated/product/1/540_540_90/erasco_1_portion_rindfleisch_nudeltopf(1).jpg
3632,Lebensmittel,Fertiggerichte,Suppen-Eintöpfe,Erasco Möhren-Eintopf mit Fleischbällchen 800G,"3,49 €","4,36 €/kg","inkl. MwSt., zzgl. 4.95 € Versandkosten.",lieferbar innerhalb von 2-5 Werktagen,2023-05-03 02:20:55.322512,-,,"Verantwortliches Lebensmittelunternehmen:
GB FOODS DEUTSCHLAND GMBH, Geniner Straße 88-100, 23560 Lübeck","Zutatenverzeichnis: Wasser, 22% Möhren, Kartoffeln (Kartoffeln, Antioxidationsmittel: NATRIUMDISULFIT), 5,5% Fleischklößchen (Schweinefleisch zum Teil fein zerkleinert, Wasser, Stärke, Salz, Zwiebeln, Gewürze), Zwiebeln, Salz, STAUDENSELLERIE, SAHNE, Rapsöl, Zucker, Aroma (enthält SELLERIE), modifizierte Stärke, Hefeextrakt, Dextrose, Petersilie, färbender Möhrenextrakt, Verdickungsmittel: Guarkernmehl. Kann Spuren von WEIZEN (GLUTEN), SOJA, SENF und EI enthalten.",166,39,"1,4","0,5","5,1","1,8","1,3","0,98",https://www.edeka24.de/Lebensmittel/Fertiggerichte/Suppen-Eintoepfe/Erasco-Moehren-Eintopf-mit-Fleischbaellchen-800G.html,https://www.edeka24.de/out/pictures/generated/product/1/540_540_90/erasco_mhreneintopf_mit_fleischbllchen_800_g.jpg
3633,Lebensmittel,Fertiggerichte,Suppen-Eintöpfe,Erasco 1 Portion Kartoffel-Topf mit Würstchen 400G,"1,89 €","4,73 €/kg","inkl. MwSt., zzgl. 4.95 € Versandkosten.",lieferbar innerhalb von 2-5 Werktagen,2023-05-03 02:20:59.018292,Kartoffeltopf mit Bockwurstscheiben,,"Verantwortliches Lebensmittelunternehmen:
GB FOODS DEUTSCHLAND GMBH, Geniner Straße 88-100, 23560 Lübeck","Zutatenverzeichnis: 44% Kartoffeln (Kartoffeln, Antioxidationsmittel: NATRIUMMETABISULFIT), Wasser, 5,6% Bockwurstscheiben (Schweinefleisch, Trinkwasser, jodiertes Speisesalz (Speisesalz, Kaliumjodat), Gewürze, Dextrose, Stärke, Geliermittel: Carrageen, Stabilisator: Diphosphat, Gewürzextrakte, Antioxidationsmittel: Ascorbinsäure, Rauch), 3,7% Möhren, 1,8% Porree, Speck (Schweinebacke, Salz, Rauch), Salz, modifizierte Stärke, Rapsöl, Zucker, Kochsalzersatz (Kaliumchlorid), Petersilie, Aroma, Hefeextrakt, Dextrose, färbender Kurkumaextrakt, Raucharoma, Säuerungsmittel: Citronensäure, Antioxidationsmittel: Ascorbinsäure und NATRIUMMETABISULFIT, Verdickungsmittel: Guarkernmehl, Johannisbrotkernmehl und Xanthan. Kann Spuren von WEIZEN (GLUTEN), MILCH, SELLERIE, SOJA , SENF und EI enthalten.",61,258,"2,5",1,"7,5","0,6","1,9","0,93",https://www.edeka24.de/Lebensmittel/Fertiggerichte/Suppen-Eintoepfe/Erasco-1-Portion-Kartoffel-Topf-mit-Wuerstchen-400G.html,https://www.edeka24.de/out/pictures/generated/product/1/540_540_90/erasco_1_portion_kartoffeltopf_mit_wrstchen_400_g.jpg
3634,Lebensmittel,Fertiggerichte,Suppen-Eintöpfe,EDEKA Gulaschsuppe 480ML,"2,19 €","4,56 €/l","inkl. MwSt., zzgl. 4.95 € Versandkosten.",lieferbar innerhalb von 2-5 Werktagen,2023-05-03 02:21:02.406250,Gulaschsuppe mit Kartoffeln und Rindfleisch,"Hinweis zur Aufbewahrung: Trocken lagern. Nach dem Öffnen den Restinhalt der Dose in ein geeignetes Gefäß umfüllen, gekühlt aufbewahren und alsbaldig verbrauchen.","Verantwortliches Lebensmittelunternehmen:
EDEKA ZENTRALE AG & Co. KG., D-22291 Hamburg","Zutatenverzeichnis: Wasser, 16% Kartofflen, 12% Rindfleisch, 12% Zwiebeln, 4% Rindfleisch gewolft, Tomatenmark doppelt konzentriert, Sonnenblumenöl, Maismehl, Paprika, modifizierte Stärke, Speisesalz, Knoblauch, 0,6% roteer Gemüsepaprika, Branntweinessig, Kräuter, Gewürze, Chilli.",90,374,"4,8","1,2","6,7","3,1","4,4",1,https://www.edeka24.de/Lebensmittel/Fertiggerichte/Suppen-Eintoepfe/EDEKA-Gulaschsuppe-480ML.html,https://www.edeka24.de/out/pictures/generated/product/1/540_540_90/edeka_gulaschsuppe_480ml.jpg
3635,Lebensmittel,Fertiggerichte,Suppen-Eintöpfe,Erasco Frischgemüse-Topf mit Fleischklößchen 800G,"3,49 €","4,36 €/kg","inkl. MwSt., zzgl. 4.95 € Versandkosten.",lieferbar innerhalb von 2-5 Werktagen,2023-05-03 02:21:06.058952,-,,"Verantwortliches Lebensmittelunternehmen:
GB FOODS DEUTSCHLAND GMBH, Geniner Straße 88-100, 23560 Lübeck","Zutatenverzeichnis: Wasser, 32% Gemüse (Möhren, grüne Bohnen, Kohlrabi, Erbsen, SELLERIE, Porree), Kartoffeln, 5,1% Fleischklößchen (Schweinefleisch zum Teil fein zerkleinert, Wasser, Stärke, Salz, Zwiebeln, Gewürze), Salz, Zucker, Aroma (enthält SELLERIE), Hefeextrakt, Petersilie, Dextrose, färbender Möhrenextrakt, Verdickungsmittel: Guarkernmehl. Kann Spuren von WEIZEN (GLUTEN), SOJA, SENF, MILCH und EI enthalten.",34,141,1,"0,4","3,9","1,3","1,7",1,https://www.edeka24.de/Lebensmittel/Fertiggerichte/Suppen-Eintoepfe/Erasco-Frischgemuese-Topf-mit-Fleischkloesschen-800G.html,https://www.edeka24.de/out/pictures/generated/product/1/540_540_90/erasco_frischgemsetopf_mit_fleischklchen_800_g.jpg
3636,Lebensmittel,Fertiggerichte,Suppen-Eintöpfe,Erasco Hühner Nudeltopf 1 Portion 400G,"1,89 €","4,73 €/kg","inkl. MwSt., zzgl. 4.95 € Versandkosten.",lieferbar innerhalb von 2-5 Werktagen,2023-05-03 02:21:10.220193,Hühner-Nudeltopf mit 68% Hühnerbrühe,,"Verantwortliches Lebensmittelunternehmen:
GB FOODS DEUTSCHLAND GMBH, Geniner Straße 88-100, 23560 Lübeck","Zutatenverzeichnis: Wasser, 18% gekochte Muschelnudeln (HARTWEIZENGRIEß (GLUTEN), EIKLAR), 5,0% gegartes Hühnerfleisch (Hühnerfleisch, Salz), 4,2% Möhren, Hühnerfett, 0,8% Porree, Salz, Aromen (enthält EI und SELLERIE), Kochsalzersatz (Kaliumchlorid), Petersilie, Dextrose, färbender Möhrenextrakt, Verdickungsmittel: Guarkernmehl. Kann Spuren von SOJA, MILCH und SENF enthalten.",211,50,"2,4","0,8","4,7","0,5","2,3","0,85",https://www.edeka24.de/Lebensmittel/Fertiggerichte/Suppen-Eintoepfe/Erasco-Huehner-Nudeltopf-1-Portion-400G.html,https://www.edeka24.de/out/pictures/generated/product/1/540_540_90/erasco_hhner_nudeltopf_400_g.jpg
3637,Lebensmittel,Fertiggerichte,Suppen-Eintöpfe,Alnatura Bio Linsen Eintopf 400G,"2,69 €","6,73 €/kg","inkl. MwSt., zzgl. 4.95 € Versandkosten.",lieferbar innerhalb von 2-5 Werktagen,2023-05-03 02:21:13.667317,-,,"Verantwortliches Lebensmittelunternehmen:
Alnatura Produktions- und Handels GmbH, Mahatma-Gandhi-Str. 7, 64295 Darmstadt","Zutatenverzeichnis: Wasser, Linsen* 24%, Kartoffeln* 9%, Karotten* 8%, Zwiebeln*, SELLERIE*2,5%, Tomatenmark*, Meersalz, Maisstärke*, Sonnenblumenöl*, Rohrohrzucker*, Verdickungsmittel: Guarkernmehl*, Petersilie*, Zwiebelpulver*, Knoblauchpulver*, Schabzigerklee*. *aus biologischer Landwirtschaft .",280,67,"1,1","0,1",9,"1,7","3,4","1,1",https://www.edeka24.de/Lebensmittel/Fertiggerichte/Suppen-Eintoepfe/Alnatura-Bio-Linsen-Eintopf-400G.html,https://www.edeka24.de/out/pictures/generated/product/1/540_540_90/alnaturalinsentopf.jpg
3638,Lebensmittel,Fertiggerichte,Suppen-Eintöpfe,Edeka Chili con Carne 500G,"2,19 €","4,38 €/kg","inkl. MwSt., zzgl. 4.95 € Versandkosten.",lieferbar innerhalb von 2-5 Werktagen,2023-05-03 02:21:17.112432,"Chili con Carne mit Kidneybohnen, Mais und rotem Gemüsepaprika","Hinweis zur Aufbewahrung: Trocken lagern. Nach dem Öffnen den Restinhalt der Dose in ein geeignetes Gefäß umfüllen, gekühlt aufbewahren und alsbaldig verbrauchen.","Verantwortliches Lebensmittelunternehmen:
EDEKA ZENTRALE AG & Co. KG, D-22291 Hamburg","Zutatenverzeichnis: Wasser, 16% Rindfleischerzeugnis gegart (Rindfleisch, Speisesalz, Wasser), 11% Kidney-Bohnen gekocht (Kidney-Bohnen, Wasser), 6% Mais, 5% roter Gemüsepaprika, konzentriertes Tomatenerzeugnis, Tomatenmark doppelt konzentriert, Zwiebeln, WEIZENMEHL, modifizierte Stärke, Maismehl, Knoblauch, Rinderbrühe gekörnt (Speisesalz, Stärke, Rindfleischextrakt, Zucker, Sonnenblumenöl, Zwiebeln, Karotten, Karamellzucker, Tomaten, SELLERIE, Lauch, Maltodextrin, Kräuter, Knoblauch, Gewürzextrakt), Speisesalz, Paprika, Sonnenblumenöl, Chili, Gewürze.",92,386,"3,8","1,6","8,7","2,8","4,8","1,3",https://www.edeka24.de/Lebensmittel/Fertiggerichte/Suppen-Eintoepfe/Edeka-Chili-con-Carne-500G.html,https://www.edeka24.de/out/pictures/generated/product/1/540_540_90/edeka_chili_con_carne_500g.jpg
3639,Lebensmittel,Fertiggerichte,Suppen-Eintöpfe,Erasco Grüne Bohnen-Eintopf 800G,"3,49 €","4,36 €/kg","inkl. MwSt., zzgl. 4.95 € Versandkosten.",lieferbar innerhalb von 2-5 Werktagen,2023-05-03 02:21:21.059480,-,,"Verantwortliches Lebensmittelunternehmen:
GB FOODS DEUTSCHLAND GMBH, Geniner Straße 88-100, 23560 Lübeck","Zutatenverzeichnis: Wasser, 27% grüne Bohnen, Kartoffeln, Möhren, 3,7% gegartes Rindfleisch (Rindfleisch, Salz, Stärke), Rapsöl, Salz, Zucker, WEIZENMEHL (GLUTEN) Aroma, Zwiebelpulver, Bohnenkraut, Dextrose, Verdickungsmittel: Guarkernmehl. Kann Spuren von SOJA, MILCH, SENF, SELLERIE und EI enthalten.",45,189,"1,6","0,2","5,3","1,9",2,"0,98",https://www.edeka24.de/Lebensmittel/Fertiggerichte/Suppen-Eintoepfe/Erasco-Gruene-Bohnen-Eintopf-800G.html,https://www.edeka24.de/out/pictures/generated/product/1/540_540_90/erasco_grner_bohneneintopf_mit_rindfleisch_800_g.jpg
3640,Lebensmittel,Fertiggerichte,Suppen-Eintöpfe,Erasco Weiße Bohnen-Eintopf 800G,"3,49 €","4,36 €/kg","inkl. MwSt., zzgl. 4.95 € Versandkosten.",lieferbar innerhalb von 2-5 Werktagen,2023-05-03 02:21:25.005274,-,,"Verantwortliches Lebensmittelunternehmen:
GB FOODS DEUTSCHLAND GMBH, Geniner Straße 88-100, 23560 Lübeck","Zutatenverzeichnis: Wasser, 32% gekochte, weiße Bohnen, Kartoffeln, 5,7% Möhren, 2,2% Porree, 1,6% Salami gewürfelt, (Schweinefleisch, Speck, Salz, Gewürze, Dextrose, Gewürzextrakte, Antioxidationsmittel: Rosmarinextrakt und Natriumascorbat, Starterkulturen, Rauch), modifizierte Stärke, Speck (Schweinebacke, Salz, Rauch), Salz, Rapsöl, Aroma (enthält EI und SELLERIE), Zucker, Emulgator: E472e, Dextrose, Petersilie, Hefeextrakt, färbender Kurkumaextrakt, Knoblauchpulver, Raucharoma, Spinatpulver, Antioxidationsmittel: Ascorbinsäure, Verdickungsmittel: Guarkernmehl und Xanthan. Kann Spuren von WEIZEN (GLUTEN), MILCH, SOJA und SENF enthalten.",68,287,"1,3","0,4","8,5","1,1","3,6","0,91",https://www.edeka24.de/Lebensmittel/Fertiggerichte/Suppen-Eintoepfe/Erasco-Weisse-Bohnen-Eintopf-800G.html,https://www.edeka24.de/out/pictures/generated/product/1/540_540_90/erasco_weie_bohneneintopf_800_g.jpg
3641,Lebensmittel,Fertiggerichte,Suppen-Eintöpfe,Erasco 1 Portion Grüne Bohnen Kartoffeltopf 400G,"1,89 €","4,73 €/kg","inkl. MwSt., zzgl. 4.95 € Versandkosten.",lieferbar innerhalb von 2-5 Werktagen,2023-05-03 02:21:28.643445,-,,"Verantwortliches Lebensmittelunternehmen:
GB FOODS DEUTSCHLAND GMBH, Geniner Straße 88-100, 23560 Lübeck","Zutatenverzeichnis: Wasser, 20% Kartoffeln (Kartoffeln, Antioxidationsmittel: NATRIUMMETABISULFIT), 13% grüne Bohnen, Möhren, 2,3% gegartes Rindfleisch (Rindfleisch, Stärke, Salz), Rapsöl, Salz, Zucker, Aroma, Hefeextrakt, Dextrose, Zwiebelpulver, Bohnenkraut, Verdickungsmittel: Guarkernmehl. Kann Spuren von WEIZEN (GLUTEN), SELLERIE, MILCH, SOJA, SENF und EI enthalten.",44,185,"1,8","0,2","5,2","1,6","1,4","0,95",https://www.edeka24.de/Lebensmittel/Fertiggerichte/Suppen-Eintoepfe/Erasco-1-Portion-Gruene-Bohnen-Kartoffeltopf-400G.html,https://www.edeka24.de/out/pictures/generated/product/1/540_540_90/erasco_1_portion_grne_bohnen_kartoffeltopf_400_g.jpg
3642,Lebensmittel,Fertiggerichte,Suppen-Eintöpfe,Erasco 1 Portion Hühner-Reistopf mit Hühnerbrühe 400G,"1,89 €","4,73 €/kg","inkl. MwSt., zzgl. 4.95 € Versandkosten.",lieferbar innerhalb von 2-5 Werktagen,2023-05-03 02:21:31.667281,Hühner-Reistopf mit 56% Hühnerbrühe,,"Verantwortliches Lebensmittelunternehmen:
GB FOODS DEUTSCHLAND GMBH, Geniner Straße 88-100, 23560 Lübeck","Zutatenverzeichnis: Wasser, 30% gekochter Reis, 4,6% gegartes Hühnerfleisch (Hühnerfleisch, Salz), 4,5% Möhren, Hühnerfett, 1,3% Porree, 1,1 % Erbsen, Salz, Aromen (enthält EI und SELLERIE), Petersilie, Dextrose, färbender Möhrenextrakt, Verdickungsmitttel: Guarkernmehl. Kann Spuren von WEIZEN (GLUTEN), MILCH, SOJA und SENF enthalten.",54,226,"2,1","0,6","6,5","0,4",2,1,https://www.edeka24.de/Lebensmittel/Fertiggerichte/Suppen-Eintoepfe/Erasco-1-Portion-Huehner-Reistopf-mit-Huehnerbruehe-400G.html,https://www.edeka24.de/out/pictures/generated/product/1/540_540_90/erasco_1_portion_hhnerreistopf_mit_hhnerbrhe.jpg
3643,Lebensmittel,Fertiggerichte,Suppen-Eintöpfe,Erasco Chili con Carne 400G,"2,89 €","7,23 €/kg","inkl. MwSt., zzgl. 4.95 € Versandkosten.",lieferbar innerhalb von 2-5 Werktagen,2023-05-03 02:21:34.992016,-,,"Verantwortliches Lebensmittelunternehmen:
GB FOODS DEUTSCHLAND GMBH, Geniner Straße 88-100, 23560 Lübeck","Zutatenverzeichnis: 26% gekochte rote Bohnen, 19% passierte und gewürfelte Tomaten, Wasser, 11% gehacktes Schweine- und Rindfleisch, 10% gekochte weiße Bohnen, 5,6% roter Paprika, 3,4% Zwiebeln, 3,4% Mais, 1,2% grüne Peperoni, modifizierte Stärke, Salz, Aroma (enthält SELLERIE), Gewürze (enthält SENF)), Zucker, Kochsalzersatz (Kaliumchlorid), Knoblauchpulver, Rapsöl, färbender Paprikaextrakt, Dextrose, GERSTENMALZEXTRAKT (GLUTEN), Verdickungsmittel: Guarkernmehl, Johannisbrotkernmehl und Xanthan. Kann Spuren von MILCH, WEIZEN (GLUTEN), SOJA und EI enthalten.",427,102,"3,5","1,4","9,8","1,8","5,6","0,78",https://www.edeka24.de/Lebensmittel/Fertiggerichte/Suppen-Eintoepfe/Erasco-Chili-con-Carne-400G.html,https://www.edeka24.de/out/pictures/generated/product/1/540_540_90/erasco_chili_con_carne_400_g.jpg
3644,Lebensmittel,Fertiggerichte,Suppen-Eintöpfe,Erasco 1 Portion Serbischer Bohnen-Eintopf 400G,"1,89 €","4,73 €/kg","inkl. MwSt., zzgl. 4.95 € Versandkosten.",lieferbar innerhalb von 2-5 Werktagen,2023-05-03 02:21:38.713278,-,,"Verantwortliches Lebensmittelunternehmen:
GB FOODS DEUTSCHLAND GMBH, Geniner Straße 88-100, 23560 Lübeck","Zutatenverzeichnis: 31% passierte Tomaten, Wasser, 23% gekochte weiße Bohnen, 3,4% Möhren, 3,4% grüne Bohnen, Zwiebeln, 2,0% roter Paprika), Speck (Schweinebacke, Salz, Rauch), WEIZENMEHL (GLUTEN), Zucker, Salz, modifizierte Stärke, Aroma (enthält SELLERIE), Dextrose, Kochsalzersatz (Kaliumchlorid), Paprikapulver, Säuerungsmittel: Citronensäure, Verdickungsmittel: Guarkernmehl. Kann Spuren von MILCH, SOJA, SENF und EI enthalten.",54,228,"0,3","0,1","8,3","2,5","2,7","0,73",https://www.edeka24.de/Lebensmittel/Fertiggerichte/Suppen-Eintoepfe/Erasco-1-Portion-Serbischer-Bohnen-Eintopf-400G.html,https://www.edeka24.de/out/pictures/generated/product/1/540_540_90/serbischer-bohneneintopf.png
3645,Lebensmittel,Fertiggerichte,Suppen-Eintöpfe,Erasco Rindfleisch Nudel-Topf 800G,"3,49 €","4,36 €/kg","inkl. MwSt., zzgl. 4.95 € Versandkosten.",lieferbar innerhalb von 2-5 Werktagen,2023-05-03 02:21:41.996032,Rindfleisch-Nudeltopf mit 67% Rinderbrühe,,"Verantwortliches Lebensmittelunternehmen:
GB FOODS DEUTSCHLAND GMBH, Geniner Straße 88-100, 23560 Lübeck","Zutatenverzeichnis: Wasser, 18% gekochte Muschelnudeln (HARTWEIZENGRIEß (GLUTEN), EIKLAR), 5,3% Möhren, 4,7% gegartes Rindfleisch (Rindfleisch, Salz, Tapiokastärke), 2,3% Porree, Rapsöl, 0,7% SELLERIE, Salz, Hefeextrakt, Zucker, Kochsalzersatz (Kaliumchlorid), Aroma, Petersilie, Dextrose, färbender Paprikaextrakt, Verdickungsmittel: Guarkernmehl. Kann Spuren von MILCH, SOJA und SENF enthalten.",184,44,"1,5","0,2","5,2","0,9","2,2","0,9",https://www.edeka24.de/Lebensmittel/Fertiggerichte/Suppen-Eintoepfe/Erasco-Rindfleisch-Nudel-Topf-800G.html,https://www.edeka24.de/out/pictures/generated/product/1/540_540_90/erasco_rindfleischnudeltopf_800_g.jpg
3646,Lebensmittel,Fertiggerichte,Suppen-Eintöpfe,Erasco Hühner-Nudelsuppe 390ML,"1,69 €","4,33 €/l","inkl. MwSt., zzgl. 4.95 € Versandkosten.",lieferbar innerhalb von 2-5 Werktagen,2023-05-03 02:21:45.300821,Hühner-Nudelsuppe mit 78% Hühnerbrühe,,"Verantwortliches Lebensmittelunternehmen:
GB FOODS DEUTSCHLAND GMBH, Geniner Straße 88-100, 23560 Lübeck","Zutatenverzeichnis: Wasser, 8,7% gekochte Muschelnudeln (HARTWEIZENGRIEß, Wasser, EIKLAR), 6,5% Gemüse (Möhren, Porree, SELLERIE), 4,6% gegartes Hühnerfleisch (Hühnerfleisch, Salz), Hühnerfett, Salz, Aroma (enthält EI und SELLERIE), Dextrose, färbender Möhrenextrakt, Kräuter, Verdickungsmittel: Guarkernmehl. Kann Spuren von MILCH, SOJA und SENF enthalten.",140,33,"1,7","0,5","2,5","0,4","1,8","0,92",https://www.edeka24.de/Lebensmittel/Fertiggerichte/Suppen-Eintoepfe/Erasco-Huehner-Nudelsuppe-390ML.html,https://www.edeka24.de/out/pictures/generated/product/1/540_540_90/erasco_klare_hhnernudelsuppe_mit_hhnerbrhe_390_ml.jpg
3647,Lebensmittel,Fertiggerichte,Suppen-Eintöpfe,Erasco Tomaten Cremesuppe 390ML,"1,69 €","4,33 €/l","inkl. MwSt., zzgl. 4.95 € Versandkosten.",lieferbar innerhalb von 2-5 Werktagen,2023-05-03 02:21:48.561996,-,,"Verantwortliches Lebensmittelunternehmen:
GB FOODS DEUTSCHLAND GMBH, Geniner Straße 88-100, 23560 Lübeck","Zutatenverzeichnis: 83% gewürfelte und passierte Tomaten, Wasser, 3,5% SAHNE, Zucker, modifizierte Stärke, Salz, WEIZENMEHL (GLUTEN), Rapsöl, Kochsalzersatz (Kaliumchlorid), Verdickungsmittel: Guarkernmehl, Petersilie, Dextrose, Säuerungsmittel: Milchsäure. Kann Spuren von SELLERIE, SOJA, SENF und EI enthalten.",41,174,"1,3","0,7",6,"4,5","0,8","0,78",https://www.edeka24.de/Lebensmittel/Fertiggerichte/Suppen-Eintoepfe/Erasco-Tomaten-Cremesuppe-390ML.html,https://www.edeka24.de/out/pictures/generated/product/1/540_540_90/erasco_tomatencremesuppe_390_ml.jpg
3648,Lebensmittel,Fertiggerichte,Suppen-Eintöpfe,Erasco Reistopf mit Fleischklößchen 800G,"3,49 €","4,36 €/kg","inkl. MwSt., zzgl. 4.95 € Versandkosten.",lieferbar innerhalb von 2-5 Werktagen,2023-05-03 02:21:52.734505,-,,"Verantwortliches Lebensmittelunternehmen:
GB FOODS DEUTSCHLAND GMBH, Geniner Straße 88-100, 23560 Lübeck","Zutatenverzeichnis: Wasser, 27% gekochter Reis, 9,5% Fleischklößchen (Schweinefleisch zum Teil fein zerkleinert, Zwiebeln, Wasser, PANIERMEHL (WEIZENMEHL (GLUTEN)), Salz, Hefe), MILCHEIWEIß, Salz, Kochsalzersatz (Kaliumchlorid), Aroma), 5,0% Möhren, 2,5% Erbsen, 1,4% Porree, Rapsöl, Aroma, Salz, Hefeextrakt, Petersilie, Kochsalzersatz (Kaliumchlorid), Dextrose, färbender Paprikaextrakt, Verdickungsmittel: Guarkernmehl. Kann Spuren von SELLERIE, SENF, SOJA und EI enthalten.",257,61,"2,8",1,"6,8","0,5","2,1","0,86",https://www.edeka24.de/Lebensmittel/Fertiggerichte/Suppen-Eintoepfe/Erasco-Reistopf-mit-Fleischkloesschen-800G.html,https://www.edeka24.de/out/pictures/generated/product/1/540_540_90/erasco_reistopf_mit_fleischklen_800_g.jpg
3649,Lebensmittel,Fertiggerichte,Suppen-Eintöpfe,Erasco Graupen-Topf 800G,"3,49 €","4,36 €/kg","inkl. MwSt., zzgl. 4.95 € Versandkosten.",lieferbar innerhalb von 2-5 Werktagen,2023-05-03 02:21:56.037670,-,,"Verantwortliches Lebensmittelunternehmen:
GB FOODS DEUTSCHLAND GMBH, Geniner Straße 88-100, 23560 Lübeck","Zutatenverzeichnis: Wasser, 5,9% GERSTENGRAUPEN (GLUTEN), Kartoffeln, 5,4% Möhren, 5,2% SELLERIE, 3,7% Porree, 3,0% Kasseler Würfel aus Schulter und Schinken (Schweinefleisch, Wasser, Salz, getrockneter Glukosesirup, Stabilisator: Diphosphate, Aroma, Dextrose, Antioxidationsmittel: Natriumascorbat, Rapsöl, Rauch), Salz, Aroma (enthält SELLERIE), Hefeextrakt, Petersilie, färbender Kurkumaextrakt, Verdickungsmittel: Guarkernmehl, Dextrose. Kann Spuren von WEIZEN (GLUTEN), MILCH, SOJA, SENF und EI enthalten.",148,35,"0,5","0,2","5,7","0,6","1,4","0,95",https://www.edeka24.de/Lebensmittel/Fertiggerichte/Suppen-Eintoepfe/Erasco-Graupen-Topf-800G.html,https://www.edeka24.de/out/pictures/generated/product/1/540_540_90/erasco_graupentopf_800_g.jpg
3650,Lebensmittel,Fertiggerichte,Suppen-Eintöpfe,Zimmermann Leberknödel-Suppe 400ML,"1,99 €","4,98 €/l","inkl. MwSt., zzgl. 4.95 € Versandkosten.",lieferbar innerhalb von 2-5 Werktagen,2023-05-03 02:22:00.100772,"Echt Bayrische Leberknödel-Suppe, konzentriert",Hinweis zur Aufbewahrung: Bei Raumtemperatur mindestens haltbar bis: zum Ablauf des aufgedruckten MHDs,"Verantwortliches Lebensmittelunternehmen:
Fleischwerke E. Zimmermann GmbH & Co. KG, Edmund-Zimmermann-Straße 29, D-86470 Thannhausen/Bayern","Zutatenverzeichnis: Konzentrierte Suppe 67%: Trinkwasser, jodiertes Speisesalz (Speisesalz, Kaliumjodat), Dextrose, Gewürze, Gewürzextrakte, Stärke, Würze, Sonnenblumenöl. Leberknödel 33%: Schweineleber 30%, Schweinefleisch 20%, Trinkwasser, Weißbrot (WEIZENMEHL, Speisesalz, Hefe), Lauch, Zwiebel, jodiertes Speisesalz (Speisesalz, Kaliumjodat), Gewürze, Gewürzextrakte, Dextrose, MILCHEIWEISS. Kann Spuren von SELLERIE und SENF enthalten.",142,34,"1,5","0,6",3,"0,2",2,"1,5",https://www.edeka24.de/Lebensmittel/Fertiggerichte/Suppen-Eintoepfe/Zimmermann-Leberknoedel-Suppe-400ML.html,https://www.edeka24.de/out/pictures/generated/product/1/540_540_90/zimmermann_leberkndelsuppe_400_ml.jpg
3651,Lebensmittel,Fertiggerichte,Suppen-Eintöpfe,Erasco Ungarische Gulaschsuppe 770ML,"4,29 €","5,57 €/l","inkl. MwSt., zzgl. 4.95 € Versandkosten.",lieferbar innerhalb von 2-5 Werktagen,2023-05-03 02:22:03.267510,-,,"Verantwortliches Lebensmittelunternehmen:
GB FOODS DEUTSCHLAND GMBH, Geniner Straße 88-100, 23560 Lübeck","Zutatenverzeichnis: Wasser, Kartoffeln, 6,7% gegartes Rindfleisch (Rindfleisch, modifizierte Stärke, Salz), 6,7% Zwiebeln, Tomatenmark, 3,6% Champignons, 2,9% roter Paprika, modifizierte Stärke, Rapsöl, WEIZENMEHL (GLUTEN), Palmöl, Salz, Zucker, Aroma (enthält SELLERIE), Raucharoma, Knoblauchpulver, MILCHZUCKER, GERSTENMALZEXTRAKT (GLUTEN), Hefeextrakt, Dextrose, MILCHEIWEIß, färbender Paprikaextrakt, Emulgator: E472e, Verdickungsmittel: Guarkernmehl und Xanthan. Kann Spuren von SOJA, EI und SENF enthalten.",222,53,"1,9","0,8","6,2","1,5","2,5",1,https://www.edeka24.de/Lebensmittel/Fertiggerichte/Suppen-Eintoepfe/Erasco-Ungarische-Gulaschsuppe-770ML.html,https://www.edeka24.de/out/pictures/generated/product/1/540_540_90/erasco_ungarische_gulaschsuppe_770_ml.jpg
3652,Lebensmittel,Fertiggerichte,Suppen-Eintöpfe,Erasco Kartoffel-Topf mit Würstchen 800G,"3,49 €","4,36 €/kg","inkl. MwSt., zzgl. 4.95 € Versandkosten.",lieferbar innerhalb von 2-5 Werktagen,2023-05-03 02:22:06.415257,-,,"Verantwortliches Lebensmittelunternehmen:
GB FOODS DEUTSCHLAND GMBH, Geniner Straße 88-100, 23560 Lübeck","Zutatenverzeichnis: 45% Kartoffeln (Kartoffeln, Antioxidationsmittel: NATRIUMDISULFIT), Wasser, 5,5% Bockwurstscheiben (Schweinefleisch, Trinkwasser, jodiertes Speisesalz (Speisesalz, Kaliumjodat), Gewürze, Dextrose, Stärke, Geliermittel; Carrageen, Stabilisator: Diphosphat, Gewürzextrakte, Antioxidationsmittel: Ascorbinsäure, Rauch), 5,3% Möhren, 1,1% Porree, Rapsöl, Speck (Schweinebacke, Salz, Rauch), modifizierte Stärke, Salz, Zucker, Hefeextrakt, Petersilie, Dextrose, Raucharoma, Aroma, Emulgator: E472e, färbender Paprikaextrakt, Säuerungsmittel: Citronensäure, Antioxidationsmittel: Ascorbinsäure und NATRIUMDISULFIT, Verdickungsmittel: Guarkernmehl und Xanthan. Kann Spuren von SELLERIE, SOJA, SENF, WEIZEN (GLUTEN), MILCH und EI enthalten.",61,255,"2,2","0,8","8,2","0,7","1,8","0,92",https://www.edeka24.de/Lebensmittel/Fertiggerichte/Suppen-Eintoepfe/Erasco-Kartoffel-Topf-mit-Wuerstchen-800G.html,https://www.edeka24.de/out/pictures/generated/product/1/540_540_90/erasco_kartoffeltopf_mit_wrstchen_800_g.jpg
3653,Lebensmittel,Fertiggerichte,Suppen-Eintöpfe,Alnatura Bio Erbseneintopf 400G,"2,49 €","6,23 €/kg","inkl. MwSt., zzgl. 4.95 € Versandkosten.",lieferbar innerhalb von 2-5 Werktagen,2023-05-03 02:22:10.035642,"Bio Erbseneintopf, vegetarisch",Hinweis zur Aufbewahrung: Mindestens haltbar bis: siehe Boden,"Verantwortliches Lebensmittelunternehmen:
Alnatura GmbH, Mahatma-Gandhi-Straße 7, 64295 Darmstadt","Zutatenverzeichnis: Wasser, Erbsen* 26%, Kartoffeln* 10%, Karotten* 8%, Zwiebeln*, Meersalz, SELLERIE*, Maisstärke*, Sonnenblumenöl*, Rohrohrzucker*, Spinatpulver*, Petersilie*, Bohnenkraut*, Pfeffer* *aus biologischer Landwirtschaft .",267,63,"0,7","0,1","9,4","1,4","3,5",1,https://www.edeka24.de/Lebensmittel/Fertiggerichte/Suppen-Eintoepfe/Alnatura-Bio-Erbseneintopf-400G.html,https://www.edeka24.de/out/pictures/generated/product/1/540_540_90/alnatura_bio_erbseneintopf_400_g.jpg
3654,Lebensmittel,Fertiggerichte,Suppen-Eintöpfe,Erasco Texas-Topf 800G,"3,49 €","4,36 €/kg","inkl. MwSt., zzgl. 4.95 € Versandkosten.",lieferbar innerhalb von 2-5 Werktagen,2023-05-03 02:22:13.661117,-,,"Verantwortliches Lebensmittelunternehmen:
GB FOODS DEUTSCHLAND GMBH, Geniner Straße 88-100, 23560 Lübeck","Zutatenverzeichnis: Wasser, 24% gekochte rote Bohnen, 9,9% gekochte weiße Bohnen, Zwiebeln, Möhren, 4,2% Fleischwurst (Schweinefleisch, Wasser, Salz, Gewürze, Dextrose, Glucosesirup, Stabilisator: Diphosphate), Antioxdationsmittel: E300-E316), 1,1% grüne Bohnen, 0,9% Mais, Tomatenmark, modifizierte Stärke, Zucker, Salz, Rapsöl, Aroma, Verdickungsmittel: Guarkernmehl, Knoblauchpulver, schwarzer Pfeffer, Dextrose, Hefeextrakt, färbender Paprikaextrakt, Raucharoma. Kann Spuren von MILCH, WEIZEN (GLUTEN), SELLERIE, SOJA, SENF und EI enthalten.",320,76,"2,3","0,7","8,1","1,7","3,9","0,9",https://www.edeka24.de/Lebensmittel/Fertiggerichte/Suppen-Eintoepfe/Erasco-Texas-Topf-800G.html,https://www.edeka24.de/out/pictures/generated/product/1/540_540_90/erasco2022.jpg
3655,Lebensmittel,Fertiggerichte,Suppen-Eintöpfe,Alnatura Bio Hühner-Nudel Eintopf 400G,"2,69 €","6,73 €/kg","inkl. MwSt., zzgl. 4.95 € Versandkosten.",lieferbar innerhalb von 2-5 Werktagen,2023-05-03 02:22:17.861847,-,Hinweis zur Aufbewahrung: Mindestens haltbar bis: siehe Boden,"Verantwortliches Lebensmittelunternehmen:
Alnatura GmbH, Mahatma-Gandhi-Straße 7, 64295 Darmstadt","Zutatenverzeichnis: Wasser, Nudeln* gekocht 13 % (Wasser, HARTWEIZENGRIEß*, HÜHNEREIWEIß*, EI*), Hähnchenfleisch* 8 %, Karotten* 5 %, Erbsen* 3 %, Geflügelkonzentrat* (Huhn*, Meersalz), Hühnerfett* 1,1 %, Porree*, Meersalz, Kurkuma*, Petersilie* *aus biologischer Landwirtschaft .",158,38,"1,3","0,4","3,3","0,4","2,9","0,83",https://www.edeka24.de/Lebensmittel/Fertiggerichte/Suppen-Eintoepfe/Alnatura-Bio-Huehner-Nudel-Eintopf-400G.html,https://www.edeka24.de/out/pictures/generated/product/1/540_540_90/alnatura_bio_hhnernudel_eintopf.jpg
3656,Lebensmittel,Fertiggerichte,Suppen-Eintöpfe,Erasco 1 Portion Westfälischer Linsen-Eintopf mit Essig 400G,"1,89 €","4,73 €/kg","inkl. MwSt., zzgl. 4.95 € Versandkosten.",lieferbar innerhalb von 2-5 Werktagen,2023-05-03 02:22:21.150393,Westfälischer Linsen-Eintopf,,"Verantwortliches Lebensmittelunternehmen:
GB FOODS DEUTSCHLAND GMBH, Geniner Straße 88-100, 23560 Lübeck","Zutatenverzeichnis: Wasser, 29% gekochte Linsen, 5,4% Möhren, Kartoffeln, 4,0% Zwiebeln, 3,5% Kasseler Würfel aus Schulter und Schinken (Schweinefleisch, Wasser, Salz, getrockneter Glukosesirup, Stabilisator: Diphosphate, Aroma, Dextrose, Antioxidationsmittel: Natriumascorbat, Rapsöl, Rauch), 1,4% Porree, modifizierte Stärke, Wein-Branntweinessig, Zucker, Salz, Tomatenmark, Hefeextrakt, Kochsalzersatz (Kaliumchlorid), Petersilie, Speck (Schweinebacke, Salz, Rauch), Dextrose, Antioxidationsmittel: Ascorbinsäure, Säuerungsmittel: Citronensäure, Verdickungsmittel: Guarkernmehl. Kann Spuren von WEIZEN (GLUTEN), MILCH, SOJA, SENF, SELLERIE und EI enthalten.",254,60,"0,6","0,2","9,4","1,4","3,5","0,75",https://www.edeka24.de/Lebensmittel/Fertiggerichte/Suppen-Eintoepfe/Erasco-1-Portion-Westfaelischer-Linsen-Eintopf-mit-Essig-400G.html,https://www.edeka24.de/out/pictures/generated/product/1/540_540_90/erasco_1_portion_westflischer_linseneintopf_mit_essig.jpg
3657,Lebensmittel,Fertiggerichte,Suppen-Eintöpfe,Erasco Bunter Gemüsetopf mit Nudeln 800G,"3,49 €","4,36 €/kg","inkl. MwSt., zzgl. 4.95 € Versandkosten.",lieferbar innerhalb von 2-5 Werktagen,2023-05-03 02:22:24.723973,-,,"Verantwortliches Lebensmittelunternehmen:
GB FoodsDeutschland GmbH, Postfach 12 11 62, D-23532 Lübeck","Zutatenverzeichnis: Wasser, 29% Gemüse (Möhren, roter Paprika, Kohlrabi, Mais, Erbsen), 11,0% gekochte Nudeln (HARTWEIZENGRIEß (GLUTEN), EIKLAR), Salz, Aroma (enthält SELLERIE und EI), Rapsöl, Kräuter, Zucker, Verdickungsmittel: Guarkernmehl, Dextrose, färbender Kurkuma- und Paprikaextrakt. Kann Spuren von MILCH, SOJA und SENF enthalten.",174,41,"0,6","0,1","6,8","1,1","1,5","0,75",https://www.edeka24.de/Lebensmittel/Fertiggerichte/Suppen-Eintoepfe/Erasco-Bunter-Gemuesetopf-mit-Nudeln-800G.html,https://www.edeka24.de/out/pictures/generated/product/1/540_540_90/erasco_bunter_gemsetopf_800_g.jpg
3658,Lebensmittel,Fertiggerichte,Suppen-Eintöpfe,Erasco Lübecker Hochzeitssuppe 390ML,"1,69 €","4,33 €/l","inkl. MwSt., zzgl. 4.95 € Versandkosten.",lieferbar innerhalb von 2-5 Werktagen,2023-05-03 02:22:28.595654,-,,"Verantwortliches Lebensmittelunternehmen:
GB FOODS DEUTSCHLAND GMBH, Geniner Straße 88-100, 23560 Lübeck","Zutatenverzeichnis: Wasser, 6,2% gekochte Nudeln (HARTWEIZENGRIEß (GLUTEN), Wasser, EIKLAR), 5,1% Fleischklößchen (Schweinefleisch zum Teil fein zerkleinert, Wasser, Stärke, Salz, Zwiebeln, Gewürze), 2,9 % Möhren, 2,2 % Kohlrabi, 2,2% EIERSTICH (59% VOLLEI, Wasser, MAGERMILCHPULVER, modifizierte Kartoffelstärke, Verdickungsmittel: Carrageen, Salz, Gewürzextrakte), Hühnerfett, 0,9 % Porree, Salz, Kochsalzersatz (Kaliumchlorid) Zucker, Aroma (enthält EI und SELLERIE), Petersilie, Zwiebelpulver, Dextrose, färbender Möhrenextrakt, Verdickungsmittel: Guarkernmehl. Kann Spuren von SOJA und SENF enthalten.",40,168,"2,3","0,8","3,2","1,2","1,5","0,79",https://www.edeka24.de/Lebensmittel/Fertiggerichte/Suppen-Eintoepfe/Erasco-Luebecker-Hochzeitssuppe-390ML.html,https://www.edeka24.de/out/pictures/generated/product/1/540_540_90/erasco_lbecker_hochzeitssuppe_390_ml.jpg
3659,Lebensmittel,Fertiggerichte,Suppen-Eintöpfe,Erasco 1 Portion Graupen-Topf 400G,"1,89 €","4,73 €/kg","inkl. MwSt., zzgl. 4.95 € Versandkosten.",lieferbar innerhalb von 2-5 Werktagen,2023-05-03 02:22:41.314597,-,,"Verantwortliches Lebensmittelunternehmen:
GB FOODS DEUTSCHLAND GMBH, Geniner Straße 88-100, 23560 Lübeck","Zutatenverzeichnis: Wasser, 5,7% GERSTENGRAUPEN (GLUTEN), 5,7% Möhren, Kartoffeln, 3,6% SELLERIE, 3,6% Porree, 3,0% Kasseler Würfel aus Schulter und Schinken (Schweinefleisch, Wasser, Salz, getrockneter Glukosesirup), Stabilisator: Diphosphate, Aroma, Antioxidationsmittel: Natriumascorbat, Rapsöl, Rauch), Salz, Aromen (enthält SELLERIE), Hefeextrakt, Dextrose, Petersilie, färbender Kurkumaextrakt, Verdickungsmittel: Guarkernmehl. Kann Spuren von WEIZEN (GLUTEN), MILCH, SOJA, EI und SENF enthalten.",146,35,"0,5","0,2","5,6","0,7","1,4","0,93",https://www.edeka24.de/Lebensmittel/Fertiggerichte/Suppen-Eintoepfe/Erasco-1-Portion-Graupen-Topf-400G.html,https://www.edeka24.de/out/pictures/generated/product/1/540_540_90/graupen-topf1portion.jpg
3660,Lebensmittel,Fertiggerichte,Suppen-Eintöpfe,Erasco Vegetarischer Erbsen-Eintopf 800G,"3,49 €","4,36 €/kg","inkl. MwSt., zzgl. 4.95 € Versandkosten.",lieferbar innerhalb von 2-5 Werktagen,2023-05-03 02:22:47.649329,-,,"Verantwortliches Lebensmittelunternehmen:
GB FOODS DEUTSCHLAND GMBH, Geniner Straße 88-100, 23560 Lübeck","Zutatenverzeichnis: 44% Erbsen, Wasser, 4,1% Möhren, 4,1% Kartoffeln, 2,3% Porree, 1,5% SELLERIE, Rapsöl, Salz, Hefeextrakt, Kochsalzersatz (Kaliumchlorid), Zwiebelpulver, Knoblauchpulver, Zucker, Spinatpulver, Petersilie, Dextrose, Aroma, Verdickungsmittel: Guarkernmehl, Raucharoma. Kann Spuren von WEIZEN (GLUTEN), SOJA, SENF, MILCH und EI enthalten.",352,84,"1,4","0,1",11,1,"5,1","0,75",https://www.edeka24.de/Lebensmittel/Fertiggerichte/Suppen-Eintoepfe/Erasco-Vegetarischer-Erbsen-Eintopf-800G.html,https://www.edeka24.de/out/pictures/generated/product/1/540_540_90/5211dose.jpg
3661,Lebensmittel,Fertiggerichte,Suppen-Eintöpfe,Sonnen Bassermann Linseneintopf mit Würstchen 800G,"3,49 €","4,36 €/kg","inkl. MwSt., zzgl. 4.95 € Versandkosten.",lieferbar innerhalb von 2-5 Werktagen,2023-05-03 02:22:52.262111,-,Hinweis zur Aufbewahrung: Gewichtsverlust durch Erhitzen.,"Verantwortliches Lebensmittelunternehmen:
Sonnen Bassermann Deutschland GmbH, Postfach 11 14, D-14547 Beelitz (Brandenburg)","Zutatenverzeichnis: Wasser, 13% Linsen, 5,6% Karotten, 4,8% Bockwurst (Schweinefleisch, Wasser, Speisesalz, Dextrose, Gewürze, Rauch, Karotten) 3,9% Kartoffeln, Tomatenmark, 2,5% Speck (Schweinefleisch, Wasser, Speisesalz, Raucharoma), Zwiebeln, modifizierte Maisstärke, Speisesalz, 0,7% Porree, Rapsöl, Branntweinessig, Antioxidationsmittel (Ascorbinsäure), Gewürzextrakt. Kann Spuren von EI, SOJA, SELLERIE und SENF enthalten.",83,347,"1,9","0,5","9,5","0,6","4,9",1,https://www.edeka24.de/Lebensmittel/Fertiggerichte/Suppen-Eintoepfe/Sonnen-Bassermann-Linseneintopf-mit-Wuerstchen-800G.html,https://www.edeka24.de/out/pictures/generated/product/1/540_540_90/sblinein.jpg
3662,Lebensmittel,Fertiggerichte,Suppen-Eintöpfe,Erasco Westfälischer Linsen-Eintopf mit Essig 800G,"3,49 €","4,36 €/kg","inkl. MwSt., zzgl. 4.95 € Versandkosten.",lieferbar innerhalb von 2-5 Werktagen,2023-05-03 02:22:56.302748,-,,"Verantwortliches Lebensmittelunternehmen:
GB FOODS DEUTSCHLAND GMBH, Geniner Straße 88-100, 23560 Lübeck","Zutatenverzeichnis: Wasser, 28% gekochte Linsen, 5,5% Möhren, Kartoffeln, 4,5% Zwiebeln, 3,7% Kasseler Würfel aus Schulter und Schinken (Schweinefleisch, Wasser, Salz, getrockneter Glukosesirup, Stabilisator Diphosphate, Aroma, Dextrose, Antioxidationsmittel Natriumascorbat, Rapsöl, Rauch), 1,1% Porree, 1,0% Wein-Branntweinessig, Speck (Schweinebacke, Salz, Rauch), Salz, Tomatenmark, Zucker, modifizierte Stärke, Hefeextrakt, Petersilie, Dextrose, Antioxidationsmittel: Ascorbinsäure, Säuerungsmittel: Citronensäure, Verdickungsmittel: Guarkernmehl. Kann Spuren von WEIZEN (GLUTEN), MILCH, SELLERIE, SOJA, SENF und EI enthalten.",255,60,"0,6","0,2","9,4","1,4","3,5","0,74",https://www.edeka24.de/Lebensmittel/Fertiggerichte/Suppen-Eintoepfe/Erasco-Westfaelischer-Linsen-Eintopf-mit-Essig-800G.html,https://www.edeka24.de/out/pictures/generated/product/1/540_540_90/erasco_westflischer_linseneintopf_mit_essig_800g.jpg
3663,Lebensmittel,Fertiggerichte,Suppen-Eintöpfe,Erasco Serbische Bohnensuppe 750ML,"3,49 €","4,65 €/l","inkl. MwSt., zzgl. 4.95 € Versandkosten.",lieferbar innerhalb von 2-5 Werktagen,2023-05-03 02:23:00.416158,-,,"Verantwortliches Lebensmittelunternehmen:
GB FOODS DEUTSCHLAND GMBH, Geniner Straße 88-100, 23560 Lübeck","Zutatenverzeichnis: 29% passierte Tomaten, Wasser, 22% gekochte weiße Bohnen, 4,0% grüne Bohnen, 3,5% Möhren, Zwiebeln, 2,3% roter Paprika), Speck (Schweinebacke, Salz, Rauch), WEIZENMEHL (GLUTEN), Salz, Zucker, Aroma (enthält SELLERIE), modifizierte Stärke, Verdickungsmittel: Guarkernmehl, Dextrose, Paprikapulver, färbender Paprikaextrakt. Kann Spuren von MILCH, SOJA, SENF und EI enthalten.",60,252,"1,2","0,4",8,"2,4","2,7","1,1",https://www.edeka24.de/Lebensmittel/Fertiggerichte/Suppen-Eintoepfe/Erasco-Serbische-Bohnensuppe-750ML.html,https://www.edeka24.de/out/pictures/generated/product/1/540_540_90/erasco_serbische_bohnensuppe_750_ml.jpg
3664,Lebensmittel,Fertiggerichte,Suppen-Eintöpfe,Erasco Hühner Reis-Topf mit Hühnerbrühe 800G,"3,49 €","4,36 €/kg","inkl. MwSt., zzgl. 4.95 € Versandkosten.",lieferbar innerhalb von 2-5 Werktagen,2023-05-03 02:23:04.510800,Hühner-Reistopf mit 47% Hühnerbrühe,,"Verantwortliches Lebensmittelunternehmen:
GB FOODS DEUTSCHLAND GMBH, Geniner Straße 88-100, 23560 Lübeck","Zutatenverzeichnis: Wasser, 33% gekochter Reis, 4,9% gegartes Hühnerfleisch (Hühnerfleisch, Salz), 4,6% Möhren, Hühnerfett, 1,3% Erbsen, Salz, 0,8% Porree, Aroma (enthält EI und SELLERIE), Petersilie, Verdickungsmittel: Guarkernmehl, Dextrose, färbender Möhrenextrakt. Kann Spuren von WEIZEN (GLUTEN), SOJA, MILCH und SENF enthalten.",57,239,"2,1","0,6","7,2","0,4","2,2",1,https://www.edeka24.de/Lebensmittel/Fertiggerichte/Suppen-Eintoepfe/Erasco-Huehner-Reis-Topf-mit-Huehnerbruehe-800G.html,https://www.edeka24.de/out/pictures/generated/product/1/540_540_90/erasco_hhner_reistopf_mit_hhnerbrhe_800_g.jpg
3665,Lebensmittel,Fertiggerichte,Suppen-Eintöpfe,Erasco Vegetarischer Gemüse Nudel-Topf 800G,"3,49 €","4,36 €/kg","inkl. MwSt., zzgl. 4.95 € Versandkosten.",lieferbar innerhalb von 2-5 Werktagen,2023-05-03 02:23:07.930504,-,,"Verantwortliches Lebensmittelunternehmen:
GB FoodsDeutschland GmbH, Postfach 12 11 62, D-23532 Lübeck","Zutatenverzeichnis: Wasser, 18% gekochte Muschelnudeln (HARTWEIZENGRIEß (GLUTEN), Wasser, EIKLAR), 14% Gemüse (Möhren, Porree, grüne Bohnen, Erbsen, SELLERIE), Rapsöl, Salz, Aroma (enthält SELLERIE), Hefeextrakt, Zucker, Kochsalzersatz (Kaliumchlorid), Petersilie, Dextrose, färbender Möhrenextrakt, Verdickungsmittel: Guarkernmehl. Kann Spuren von MILCH, SOJA und SENF enthalten.",188,45,"1,6","0,2","5,6","0,9","1,5","0,75",https://www.edeka24.de/Lebensmittel/Fertiggerichte/Suppen-Eintoepfe/Erasco-Vegetarischer-Gemuese-Nudel-Topf-800G.html,https://www.edeka24.de/out/pictures/generated/product/1/540_540_90/erasco_gemse_nudeltopf_vegetarisch_800_g(1).jpg
3666,Lebensmittel,Fertiggerichte,Suppen-Eintöpfe,Erasco 1 Portion Erbsen-Eintopf 400G,"1,89 €","4,73 €/kg","inkl. MwSt., zzgl. 4.95 € Versandkosten.",lieferbar innerhalb von 2-5 Werktagen,2023-05-03 02:23:11.342113,-,,"Verantwortliches Lebensmittelunternehmen:
GB FOODS DEUTSCHLAND GMBH, Geniner Straße 88-100, 23560 Lübeck","Zutatenverzeichnis: 52% Erbsen, Wasser, 2,9% Kasseler Würfel aus Schulter und Schinken (Schweinefleisch, Wasser, Salz, getrockneter Glukosesirup, Stabilisator: Diphosphate, Aroma, Dextrose, Antioxidationsmittel: Natriumascorbat, Rapsöl, Rauch), Möhren, Kartoffeln, Salz, Kochsalzersatz (Kaliumchlorid), Hefeextrakt, Zwiebelpulver, Zucker, Aroma, Spinatpulver, Speck (Schweinebacke, Salz, Rauch), Petersilie, Dextrose, Raucharoma, Knoblauchpulver, Verdickungsmittel: Guarkernmehl. Kann Spuren von WEIZEN (GLUTEN), MILCH, SOJA, SENF, SELLERIE und EI enthalten.",364,86,"0,8","0,1",12,"0,9","6,1","0,76",https://www.edeka24.de/Lebensmittel/Fertiggerichte/Suppen-Eintoepfe/Erasco-1-Portion-Erbsen-Eintopf-400G.html,https://www.edeka24.de/out/pictures/generated/product/1/540_540_90/erbseneintopf.png
3667,Lebensmittel,Fertiggerichte,Suppen-Eintöpfe,Little Lunch Bio Gulaschsuppe 350ML,"3,89 €","11,11 €/l","inkl. MwSt., zzgl. 4.95 € Versandkosten.",lieferbar innerhalb von 2-5 Werktagen,2023-05-03 02:23:14.772990,"Bio-Suppe mit Rind, Kartoffeln und Paprika",Hinweis zur Aufbewahrung: Nach dem Öffnen im Kühlschrank lagern und rasch konsumieren.,"Verantwortliches Lebensmittelunternehmen:
littlelunch GmbH, Am alten Schlachthof 1, 86153 Augsburg","Zutatenverzeichnis: Wasser, 16% Kartoffeln*, Tomatenpüree*, 15% Rindfleisch*, 10% Zwiebeln*, 10% rote Paprika*, Stärke*, Traubensaft* (aus Traubensaftkonzentrat), Sonnenblumenöl*, Gewürze (Paprika*, Knoblauch*, Kreuzkümmel, Pfeffer*, Chili*), Meersalz, Weißweinessig*, Majoran*. *Zutaten aus kontrolliert biologischer Erzeugung",390,93,"3,9","0,8","9,5","3,4","4,3",1,https://www.edeka24.de/Lebensmittel/Fertiggerichte/Suppen-Eintoepfe/Little-Lunch-Bio-Gulaschsuppe-350ML.html,https://www.edeka24.de/out/pictures/generated/product/1/540_540_90/little_lunch_bio_gulaschsuppe_350ml.jpg
3668,Lebensmittel,Fertiggerichte,Suppen-Eintöpfe,Little Lunch Bio Kartoffelsuppe 350ML,"3,79 €","10,83 €/l","inkl. MwSt., zzgl. 4.95 € Versandkosten.",lieferbar innerhalb von 2-5 Werktagen,2023-05-03 02:23:18.129167,Bio-Suppe mit Kartoffel und Lauch,,"Verantwortliches Lebensmittelunternehmen:
littlelunch GmbH, 86153 Augsburg","Zutatenverzeichnis: Wasser, 46,5% Gemüse* (Süßkartoffeln, 8% Kartoffeln, Zwiebeln, SELLERIE, 5,5% Lauch), Sonnenblumenöl*, Stärke*, Meersalz, Rauchsalz, Ingwer*, Pfeffer*. *Zutaten aus biologischer Erzeugung",215,51,2,"0,2",7,"1,5","0,7",1,https://www.edeka24.de/Lebensmittel/Fertiggerichte/Suppen-Eintoepfe/Little-Lunch-Bio-Kartoffelsuppe-350ML.html,https://www.edeka24.de/out/pictures/generated/product/1/540_540_90/bio_little_lunch_kartoffelsuppe_350ml.jpg
3669,Lebensmittel,Fertiggerichte,Suppen-Eintöpfe,Erasco Pichelsteiner Topf 800G,"3,49 €","4,36 €/kg","inkl. MwSt., zzgl. 4.95 € Versandkosten.",lieferbar innerhalb von 2-5 Werktagen,2023-05-03 02:23:21.300774,-,,"Verantwortliches Lebensmittelunternehmen:
GB FOODS DEUTSCHLAND GMBH, Geniner Straße 88-100, 23560 Lübeck","Zutatenverzeichnis: 52% Gemüse (18% Weißkohl, Kartoffeln, Möhren, Porree, grüne Bohnen, Erbsen), Wasser, 1,7% gegartes Rindfleisch (Rindfleisch, Stärke, Salz), 1,7% Kasseler (Schweinefleisch, Wasser, Salz, getrockneter Glucosesirup, Stabilisator: Diphosphate, Aroma, Dextrose, Antioxidationsmittel: Natriumascorbat, Rapsöl, Rauch), Salz, Zucker, Aromen (enthält SELLERIE); Dextrose, Gewürze, Antioxidationsmittel Ascorbinsäure, Säuerungsmittel Citronensäure, Verdickungsmittel Guarkernmehl. Kann Spuren von WEIZEN, MILCH, SOJA, SENF und EI enthalten.",30,128,"0,4","0,1","4,5","1,9","1,6",1,https://www.edeka24.de/Lebensmittel/Fertiggerichte/Suppen-Eintoepfe/Erasco-Pichelsteiner-Topf-800G.html,https://www.edeka24.de/out/pictures/generated/product/1/540_540_90/erasco_pichelsteiner_topf_800_g.jpg
3670,Lebensmittel,Fertiggerichte,Suppen-Eintöpfe,Erasco Linsentopf mit Schweinefleisch 800G,"3,49 €","4,36 €/kg","inkl. MwSt., zzgl. 4.95 € Versandkosten.",lieferbar innerhalb von 2-5 Werktagen,2023-05-03 02:23:24.271860,-,,"Verantwortliches Lebensmittelunternehmen:
GB FOODS DEUTSCHLAND GMBH, Geniner Straße 88-100, 23560 Lübeck","Zutatenverzeichnis: Wasser, 32% gekochte Linsen , 6,6% Kartoffeln, 5,9% Möhren, 3,6% Kasseler Würfel aus Schulter und Schinken (Schweinefleisch, Wasser, Salz, getrockneter Glukosesirup. Stabilisator: Diphosphate, Aroma, Dextrose, Antioxidationsmittel: Natriumascorbat, Rapsöl, Rauch), Zwiebeln, modifizierte Stärke, SENF (Wasser, SENFSAATEN, Branntweinessig, Salz, Gewürze), Salz, Tomatenmark, Zucker, Rapsöl, Aroma, Hefeextrakt, Petersilie, Speck (Schweinebacke, Salz, Rauch), Dextrose, Raucharoma, färbender Paprikaextrakt, Säuerungsmittel: Citronensäure, Antioxidationsmittel: Ascorbinsäure, Verdickungsmittel: Guarkernmehl. Kann Spuren von WEIZEN (GLUTEN), SELLERIE, MILCH, SOJA und EI enthalten.",287,68,"1,1","0,3","9,9","1,4","3,9","0,94",https://www.edeka24.de/Lebensmittel/Fertiggerichte/Suppen-Eintoepfe/Erasco-Linsentopf-mit-Schweinefleisch-800G.html,https://www.edeka24.de/out/pictures/generated/product/1/540_540_90/erasco_linsentopf_mit_schweinefleisch_800g.jpg
3671,Lebensmittel,Fertiggerichte,Suppen-Eintöpfe,Sonnen Bassermann Hühnernudeltopf mit buntem Gemüse 800G,"3,49 €","4,36 €/kg","inkl. MwSt., zzgl. 4.95 € Versandkosten.",lieferbar innerhalb von 2-5 Werktagen,2023-05-03 02:23:27.585261,-,,"Verantwortliches Lebensmittelunternehmen:
Struik Foods Deutschland GmbH, Clara-Zetkin-Straße 8-15 D-14547 Beelitz (Brandenburg)","Zutatenverzeichnis: Wasser, 35% gekochte Nudeln (Wasser, HARTWEIZENGRIEß, HÜHNEREI-EIWEIß), 3,7% gekochtes Hühnerfleisch (Hühnerfleisch, Speisesalz), 3% Karotten, Hühnerfett, 0,9% Porree, Speisesalz, Petersilie, Aroma, Kurkuma, Farbstoff (Karottenextrakt), gewürzextrakt. Kann Spuren von MILCH, SOJA, SELLERIE und SENF enthalten.",42,175,"1,3","0,4","5,5","0,7","1,8","1,13",https://www.edeka24.de/Lebensmittel/Fertiggerichte/Suppen-Eintoepfe/Sonnen-Bassermann-Huehnernudeltopf-mit-buntem-Gemuese-800G.html,https://www.edeka24.de/out/pictures/generated/product/1/540_540_90/sbhhnudein.jpg
3672,Lebensmittel,Fertiggerichte,Suppen-Eintöpfe,Alnatura Bio Kichererbsen Kokos-Eintopf 400G,"2,69 €","6,73 €/kg","inkl. MwSt., zzgl. 4.95 € Versandkosten.",lieferbar innerhalb von 2-5 Werktagen,2023-05-03 02:23:31.077169,-,,"Verantwortliches Lebensmittelunternehmen:
Alnatura Produktions- und Handels GmbH, Mahatma-Gandhi-Str. 7, 64295 Darmstadt","Zutatenverzeichnis: Wasser, Kichererbsen* 21 %, Kokosmilch* 11 % (Kokosnussextrakt* 57%,Wasser), Karotten* 9 %, Süßkartoffeln* 7 %, Mangomark* 7 %, Zwiebeln*, Erbsen* 4 %, Reismehl*, Meersalz, Gewürze* (Curcuma*, Knoblauch*,Kreuzkümmel*, Ingwer*, Cardamom*, Chili*, Pfeffer*, Koriander*)*aus biologischer Landwirtschaft.",361,86,"2,8","2,1",11,"2,5","2,9",1,https://www.edeka24.de/Lebensmittel/Fertiggerichte/Suppen-Eintoepfe/Alnatura-Bio-Kichererbsen-Kokos-Eintopf-400G.html,https://www.edeka24.de/out/pictures/generated/product/1/540_540_90/alnatura_bio_kichererbsen_kokoseintopf.jpg
3673,Lebensmittel,Fertiggerichte,Suppen-Eintöpfe,Erasco Vegetarischer Linsen-Eintopf 800G,"3,49 €","4,36 €/kg","inkl. MwSt., zzgl. 4.95 € Versandkosten.",lieferbar innerhalb von 2-5 Werktagen,2023-05-03 02:23:34.575155,-,,"Verantwortliches Lebensmittelunternehmen:
GB FOODS DEUTSCHLAND GMBH, Geniner Straße 88-100, 23560 Lübeck","Zutatenverzeichnis: Wasser, 35% gekochte Linsen, 8,6% Kartoffeln, 7,4% Möhren, modifizierte Stärke, Salz, SENF (Wasser, SENFSAATEN, Branntweinessig, Salz, Gewürze), Rapsöl, Tomatenmark, Zucker, Hefeextrakt, Wein-Branntweinessig, Petersilie, Dextrose, färbender Paprikaextrakt, Aroma, Säuerungsmittel: Citronensäure, Antioxidationsmittel: Ascorbinsäure, Verdickungsmittel: Guarkernmehl, Raucharoma. Kann Spuren von WEIZEN (GLUTEN), MILCH, SELLERIE, SOJA und EI enthalten.",289,69,"0,9","0,1",11,"1,5","3,6",1,https://www.edeka24.de/Lebensmittel/Fertiggerichte/Suppen-Eintoepfe/Erasco-Vegetarischer-Linsen-Eintopf-800G.html,https://www.edeka24.de/out/pictures/generated/product/1/540_540_90/erascoveggielinsentopf.jpg
3674,Lebensmittel,Fertiggerichte,Suppen-Eintöpfe,Edeka Linseneintopf 500G,"2,19 €","4,38 €/kg","inkl. MwSt., zzgl. 4.95 € Versandkosten.",lieferbar innerhalb von 2-5 Werktagen,2023-05-03 02:23:37.752018,"Linseneintopf mit Tomaten, geräuchertem Bauchspeck und Karotten","Hinweis zur Aufbewahrung: Trocken lagern. Nach dem Öffnen den Restinhalt der Dose in ein geeignetes Gefäß umfüllen, gefühlt aufbewahren und alsbaldig verbrauchen.","Verantwortliches Lebensmittelunternehmen:
EDEKA ZENTRALE Stiftung & Co. KG, D-22291 Hamburg","Zutatenverzeichnis: Wasser, 23% Tomatenfruchtfleisch, 22% gegarte Linsen (Linsen, Wasser), 6% Schweinebauch gekocht, geräuchert (Schweinebauch, Wasser, Speisesalz, Konservierungsstoff: Natriumnitrit; Antioxidationsmittel: Natriumascorbat; Rauch), 5% Zwiebeln, SELERIE, 2% Karotten, Porree, Sonnenblumenöl, Gemüsebrühe gekörnt (jodiertes Speisesalz [Speisesalz, Kaliumjodid], Zucker, Stärke, Zwiebeln, Sonnenblumenöl, Gewürze [enthält SELLERIE], SOJASAUCENPULVER [SOJABOHNEN, WEIZENMEHL, Speisesalz], Speisesalz, Lauch, Maltodextrin, Kräuter, SELLERIE, Gewürzextrakt), Tomatenmark doppelt konzentriert, SENF (Wasser, SENFSAAT, Branntweinessig, Zucker, Speisesalz, Karamellzuckersirup, Gewürze), Knoblauch, modifizierte Stärke, Kräuter, Branntweinessig, Rinderbrühe, gekrönt (Speisesalz, Stärke, Rinderfleischextrakt, Zucker, Sonnenblumenöl, Zwiebeln, Karotten, Karamellzucker, Tomaten, SELLERIE, Lauch, Maltodextrin, Petersilie, Knoblauch, Gewürzextrakt), SOJASAUCE (Wasser, SOJABOHNEN, Speisesalz, WEIZENMEHL), Zucker, Gewürze.",93,389,"3,8",1,"9,2","2,6","4,3","1,1",https://www.edeka24.de/Lebensmittel/Fertiggerichte/Suppen-Eintoepfe/Edeka-Linseneintopf-500G.html,https://www.edeka24.de/out/pictures/generated/product/1/540_540_90/edeka_linseneintopf_500g.jpg
3675,Lebensmittel,Fertiggerichte,Suppen-Eintöpfe,Erasco Mediterrane Tomatensuppe 390ML,"1,69 €","4,33 €/l","inkl. MwSt., zzgl. 4.95 € Versandkosten.",lieferbar innerhalb von 2-5 Werktagen,2023-05-03 02:23:40.572432,-,,"Verantwortliches Lebensmittelunternehmen:
GB FOODS DEUTSCHLAND GMBH, Geniner Straße 88-100, 23560 Lübeck","Zutatenverzeichnis: 56% passierte und gewürfelte Tomaten, Wasser, Zwiebeln, 2,2% SAHNE, Rapsöl, modifizierte Stärke, Zucker, Salz, Kochsalzersatz (Kaliumchlorid), WEIZENMEHL (GLUTEN), Basilikum, Aroma (enthält SELLERIE), Verdickungsmittel: Guarkernmehl, Dextrose, Knoblauch, Kräuter der Provence. Kann Spuren von SOJA, SENF und EI enthalten.",51,213,"2,7","0,6","5,5","3,2","0,7","0,79",https://www.edeka24.de/Lebensmittel/Fertiggerichte/Suppen-Eintoepfe/Erasco-Mediterrane-Tomatensuppe-390ML.html,https://www.edeka24.de/out/pictures/generated/product/1/540_540_90/erasco_mediterrane_tomatensuppe_390ml.jpg
3676,Lebensmittel,Fertiggerichte,Suppen-Eintöpfe,Rettergut Bio Kürbissuppe mit Kokos 375ML,"3,49 €","9,31 €/l","inkl. MwSt., zzgl. 4.95 € Versandkosten.",lieferbar innerhalb von 2-5 Werktagen,2023-05-03 02:23:43.745171,-,,"Verantwortliches Lebensmittelunternehmen:
Dörrwerk GmbH, Im Marienpark 22, D-12107 Berlin","Zutatenverzeichnis: Gemüse* 50 % (Kürbis* 27%, Karotten*, Zwiebeln*, Kartoffeln*), Wasser, Kokosmilchzubereitung* (Kokosnussextrakt* 4 %, Wasser), Maisstärke*, Apfelsaftkonzentrat*, Tomatenmark*, Meersalz, Verdickungsmittel (Guarkernmehl*, Johannisbrotkernmehl*), Muskat*, Koriander*, Pfeffer*, *aus kontrolliert biologischem Anbau",190,45,"1,5","1,4","6,4","3,6","0,8","0,92",https://www.edeka24.de/Lebensmittel/Fertiggerichte/Suppen-Eintoepfe/Rettergut-Bio-Kuerbissuppe-mit-Kokos-375ML.html,https://www.edeka24.de/out/pictures/generated/product/1/540_540_90/bio_rettergut_krbissuppe_mit_kokos_375_ml.jpg
3677,Lebensmittel,Fertiggerichte,Suppen-Eintöpfe,Erasco Erbsen-Eintopf Hubertus 800G,"3,49 €","4,36 €/kg","inkl. MwSt., zzgl. 4.95 € Versandkosten.",lieferbar innerhalb von 2-5 Werktagen,2023-05-03 02:23:47.104250,-,,"Verantwortliches Lebensmittelunternehmen:
GB FOODS DEUTSCHLAND GMBH, Geniner Straße 88-100, 23560 Lübeck","Zutatenverzeichnis: 44 % Erbsen, Wasser, 4,1% Kasseler Würfel aus Schulter und Schinken (Schweinefleisch, Wasser, Salz, getrockneter Glukosesirup, Stabilisator: Diphosphate, Aroma, Dextrose, Antioxidationsmittel: Natriumascorbat, Rapsöl, Rauch), Möhren, Kartoffeln, Speck (Schweinebacke, Salz, Rauch), Salz, Aromen, Hefeextrakt, Kochsalzersatz (Kaliumchlorid), Zucker, Zwiebelpulver, Spinatpulver, Knoblauchpulver, Petersilie, Dextrose, Raucharoma, Verdickungsmittel: Guarkernmehl. Kann Spuren von WEIZEN (GLUTEN), MILCH, SOJA, SENF, SELLERIE und EI enthalten.",369,88,"1,8","0,6",10,"0,8","5,7","0,75",https://www.edeka24.de/Lebensmittel/Fertiggerichte/Suppen-Eintoepfe/Erasco-Erbsen-Eintopf-Hubertus-800G.html,https://www.edeka24.de/out/pictures/generated/product/1/540_540_90/erasco_erbsen_eintopf_hubertus_800_g.jpg
3678,Lebensmittel,Fertiggerichte,Suppen-Eintöpfe,Sonnen Bassermann Herzhafte Gulaschsuppe 400ML,"2,19 €","5,48 €/l","inkl. MwSt., zzgl. 4.95 € Versandkosten.",lieferbar innerhalb von 2-5 Werktagen,2023-05-03 02:23:50.264699,-,Hinweis zur Aufbewahrung: Gewichtsverlust durch Erhitzen.,"Verantwortliches Lebensmittelunternehmen:
Struik Foods Deutschland GmbH, Clara-Zetkin-Straße 8-15, 14547 Beelitz","Zutatenverzeichnis: Wasser, gekochtes Rindfleisch 10% (Rindfleisch, Wasser, Speisesalz), Champignons 10%, Zwiebeln 6,8%, Paprika 5,1 %, WEIZENMEHL, Zucker, Rotwein, Speisesalz, modifizierte Maisstärke, Gewürze, Würze (enthält SOJA), Branntweinessig, Verdickungsmittel: Guarkernmehl, Zwiebelpulver, karamellisierter Zucker, Paprikaextrakt, Lorbeerblätter. Enthält GLUTEN und SOJA. Kann Spuren von SELLERIE, EI, MILCH und SENF enthalten.",203,48,"0,7","0,2","6,3","2,1","3,6","1,59",https://www.edeka24.de/Lebensmittel/Fertiggerichte/Suppen-Eintoepfe/Sonnen-Bassermann-Herzhafte-Gulaschsuppe-400ML.html,https://www.edeka24.de/out/pictures/generated/product/1/540_540_90/sonnen_bassermann_herzhafte_gulaschsuppe.jpg
3679,Lebensmittel,Fertiggerichte,Suppen-Eintöpfe,Little Lunch Bio Chili Sin Carne 350ML,"3,79 €","10,83 €/l","inkl. MwSt., zzgl. 4.95 € Versandkosten.",lieferbar innerhalb von 2-5 Werktagen,2023-05-03 02:23:53.326055,Bio-Eintopf mit Soja,,"Verantwortliches Lebensmittelunternehmen:
littlelunch GmbH, 86153 Augsburg","Zutatenverzeichnis: 74% Gemüse* (Tomaten*, Kidneybohnen*, Gemüsepaprika*, Zwiebeln*, Mais*, Karotten*, Tomatenpüree*, SELLERIE*), Wasser, 4% Kartoffeln*, 3% SOJAEIWEISSERZEUGNIS*, Olivenöl*, Gewürze* (Knoblauch*, Chili*, Koriandersamen*, Kreuzkümmel*, Paprika*, Zimt*), Apfelsaftkonzentrat*, Meersalz, Kräuter* (Petersilie*, Lorbeer*, Liebstöckelblätter*), geräuchertes Meersalz, Zitronensaftkonzentrat*. *Zutaten aus kontrolliert biologischer Erzeugung.",324,77,"2,1","0,4","8,2","4,3","4,3","1,1",https://www.edeka24.de/Lebensmittel/Fertiggerichte/Suppen-Eintoepfe/Little-Lunch-Bio-Chili-Sin-Carne-350ML.html,https://www.edeka24.de/out/pictures/generated/product/1/540_540_90/bio_little_lunch_chili_sin_carne_350ml.jpg
3680,Lebensmittel,Fertiggerichte,Suppen-Eintöpfe,Bio Gourmet Gazpacho Original 750ML,"3,99 €","5,32 €/l","inkl. MwSt., zzgl. 4.95 € Versandkosten.",lieferbar innerhalb von 2-5 Werktagen,2023-05-03 02:23:56.238570,Spanische Gemüsesuppe,Hinweis zur Aufbewahrung: Nach dem Öffnen im Kühlschrank lagern und innerhalb von 5 Tagen aufbrauchen.,"Verantwortliches Lebensmittelunternehmen:
Bio Gourmet GmbH, 71729 Erdmannshausen","Zutatenverzeichnis: Tomaten* 72%, Wasser, Paprika* 6%, Gurke* 5%, Olivenöl nativ extra* 3%, glutenfreies Brot* (Reismehl*, Wasser, Maismehl*, Salz), Weinessig*, Knoblauch* 0,6%, Salz. *aus kontrolliert ökologischem Anbau",226,54,"3,3","0,5","4,4","0,5","0,9","0,26",https://www.edeka24.de/Lebensmittel/Fertiggerichte/Suppen-Eintoepfe/Bio-Gourmet-Gazpacho-Original-750ML.html,https://www.edeka24.de/out/pictures/generated/product/1/540_540_90/biogourmet_gazpacho_original_750ml.jpg
3681,Lebensmittel,Fertiggerichte,Suppen-Eintöpfe,Alnatura Bio Karotten Kokos Suppe 375ML,"2,79 €","7,44 €/l","inkl. MwSt., zzgl. 4.95 € Versandkosten.",lieferbar innerhalb von 2-5 Werktagen,2023-05-03 02:23:59.668500,Bio Karotten-Cremesuppe mit Kokos,Hinweis zur Aufbewahrung: Bitte trocken lagern. Nach dem Öffnen im Kühlschrank aufbewahren und innerhalb von 1-2 Tagen verbrauchen.,"Verantwortliches Lebensmittelunternehmen:
Alnatura Produktions- und Handels GmbH, Mahatma-Gandhi-Str. 7, 64295 Darmstadt","Zutatenverzeichnis: Karotten* 47%, Wasser, Kokosmilch* 10% (Kokosextrakt* 6%, Wasser), Süsskartoffel*, Zwiebel*, Sonnenblumenöl*, Orangensaft*, Meersalz, Kokosraspel*, Knoblauch*, Ingwer*, Chili* *aus biologischer Landwirtschaft. Kann Spuren von CASHEWNUSS, SELLERIE und SESAM enthalten.",342,83,"5,9","2,6","5,2","3,5",1,1,https://www.edeka24.de/Lebensmittel/Fertiggerichte/Suppen-Eintoepfe/Alnatura-Bio-Karotten-Kokos-Suppe-375ML.html,https://www.edeka24.de/out/pictures/generated/product/1/540_540_90/bio_alnakarotkokos_sup375ml.jpg
3682,Lebensmittel,Fertiggerichte,Suppen-Eintöpfe,Erasco Nudeltopf mit Geflügel-Klößchen 800G,"3,49 €","4,36 €/kg","inkl. MwSt., zzgl. 4.95 € Versandkosten.",lieferbar innerhalb von 2-5 Werktagen,2023-05-03 02:24:03.661010,-,,"Verantwortliches Lebensmittelunternehmen:
GB FOODS DEUTSCHLAND GMBH, Geniner Straße 88-100, 23560 Lübeck","Zutatenverzeichnis: Wasser, 20% gekochte Hörnchennudeln ( HARTWEIZENGRIEß (GLUTEN), Wasser, EIKLAR), 4,4% Geflügelklößchen (45% Putenfleisch und 30% Hühnerfleisch fein zerkleinert, Wasser, Paniermehl (WEIZENMEHL (GLUTEN), Salz, Hefe, GERSTENMALZEXTRAKT (GLUTEN)), Kartoffelstärke, Salz, Pfeffer, Zwiebelpulver), 4,1% Möhren, 2,3% grüne Bohnen, Hühnerfett, 0,7 % Porree, Salz, Aroma (enthält SELLERIE und EI), Petersilie, Dextrose, färbender Möhrenextrakt, Verdickungsmittel: Guarkernmehl. Kann Spuren von SOJA, MILCH und SENF enthalten.",47,196,"1,7","0,5","5,7","0,6","1,9",1,https://www.edeka24.de/Lebensmittel/Fertiggerichte/Suppen-Eintoepfe/Erasco-Nudeltopf-mit-Gefluegel-Kloesschen-800G.html,https://www.edeka24.de/out/pictures/generated/product/1/540_540_90/erasco_nudeltopf_mit_geflgelklchen_800_g.jpg
3683,Lebensmittel,Fertiggerichte,Suppen-Eintöpfe,Little Lunch Bio Karotte Orange-Suppe 350ML,"3,79 €","10,83 €/l","inkl. MwSt., zzgl. 4.95 € Versandkosten.",lieferbar innerhalb von 2-5 Werktagen,2023-05-03 02:24:07.438352,Bio-Suppe Karotte-Orange mit Kokosnussmilch und Ingwer,,"Verantwortliches Lebensmittelunternehmen:
littlelunch GmbH, 86153 Augsburg","Zutatenverzeichnis: 43,5% Gemüse* (33% Karotten, Zwiebeln, Tomatenpüree), Wasser, 17,1% Orangensaft* (aus Orangensaftkonzentrat), 10% Kokosnussmilch* (Kokosnussextrakt, Wasser), Weißwein*(enthält SULFIT), Stärke*, Roh-Rohrzucker*, natives Olivenöl extra*, Gewürze* (Curcuma, Ingwer, Kümmel, Fenchel, Bockshornklee, Pfeffer), Meersalz, Korianderblätter*, Verdickungsmittel* (Guarkernmehl, Johannisbrotkernmehl). *Zutaten aus biologischer Erzeugung",280,67,"2,9","1,7",8,"5,8","0,8","0,7",https://www.edeka24.de/Lebensmittel/Fertiggerichte/Suppen-Eintoepfe/Little-Lunch-Bio-Karotte-Orange-Suppe-350ML.html,https://www.edeka24.de/out/pictures/generated/product/1/540_540_90/little_lunch_bio_karotte_orangesuppe_350_ml.jpg
3684,Lebensmittel,Fertiggerichte,Suppen-Eintöpfe,Lacroix Spargelcreme-Suppe 400ML,"3,39 €","8,48 €/l","inkl. MwSt., zzgl. 4.95 € Versandkosten.",lieferbar innerhalb von 2-5 Werktagen,2023-05-03 02:24:10.918399,-,,"Verantwortliches Lebensmittelunternehmen:
GB Foods Deutschland GmbH, D-23560 Lübeck","Zutatenverzeichnis: Wasser, Spargel 7,5 %, pflanzliche Öle (Palmöl, Rapsöl), modifizierte Stärke, SAHNE 2,4 %, Jodsalz, WEIZENMEHL, AROMA (enthält SOJA, MILCH und SELLERIE), Emulgator E 472e; MILCHZUCKER, MOLKENEIWEIß, MILCHEIWEIß, Zucker, Verdickungsmittel: Guarkernmehl und Xanthan; färbender Möhrenextrakt, färbender Paprikaextrakt, Pfeffer.",217,52,"4,0","0,9","3,4","0,5","0,5","0,79",https://www.edeka24.de/Lebensmittel/Fertiggerichte/Suppen-Eintoepfe/Lacroix-Spargelcreme-Suppe-400ML.html,https://www.edeka24.de/out/pictures/generated/product/1/540_540_90/lacroix_spargelcremesuppe_400ml.jpg
3685,Lebensmittel,Fertiggerichte,Suppen-Eintöpfe,Sonnen Bassermann Erbsentopf mit herzhaften Würstchen 800G,"3,49 €","4,36 €/kg","inkl. MwSt., zzgl. 4.95 € Versandkosten.",lieferbar innerhalb von 2-5 Werktagen,2023-05-03 02:24:14.057769,-,Hinweis zur Aufbewahrung: Gewichtsverlust durch Erhitzen.,"Verantwortliches Lebensmittelunternehmen:
Sonnen Bassermann Deutschland GmbH, Postfach 11 14, D-14547 Beelitz (Brandenburg)","Zutatenverzeichnis: Wasser, 18% Erbsen (Erbsen, Splisserbsen), 5% Bockwurst (Schweinefleisch, Wasser, Speisesalz, Dextrose, Gewürze, Rauch, Karotten), 3,5% Karotten, 2,3% Kartoffeln, modifizierte Stärke, Rapsöl, Zwiebeln, Speisesalz, Kräuter, Dextrose geräuchert (Dextrose, Rauch), natürliches Aroma (enthält SELLERIE), Gewürzextrakt. Kann Spuren von GLUTEN, MILCH, EI, SOJA und SENF enthalten.",87,363,"2,7","0,6",10,"1,3","3,8","0,97",https://www.edeka24.de/Lebensmittel/Fertiggerichte/Suppen-Eintoepfe/Sonnen-Bassermann-Erbsentopf-mit-herzhaften-Wuerstchen-800G.html,https://www.edeka24.de/out/pictures/generated/product/1/540_540_90/sberbein.jpg
3686,Lebensmittel,Fertiggerichte,Suppen-Eintöpfe,Gut & Günstig Gemüsetopf mit Fleischbällchen 800G,"2,89 €","3,61 €/kg","inkl. MwSt., zzgl. 4.95 € Versandkosten.",lieferbar innerhalb von 2-5 Werktagen,2023-05-03 02:24:17.340987,Gemüseeintopf mit Fleischbällchen,Hinweis zur Aufbewahrung: Trocken lagern.,"Verantwortliches Lebensmittelunternehmen:
EDEKA Zentrale Stiftung & Co. KG, 22291 Hamburg","Zutatenverzeichnis: Wasser, 14% gegarte Fleischbällchen (Schweinefleisch z.T. fein zerkleinert, Zweibieln, Speisesalz, Gewürze), 9,7% Karotten, 9% Paprika, 5,1% Grüne Bohnen, 4,5% Mais, 4,5% SELLERIE, 3,8% Zwiebeln, 3,2% Erbsen, Gemüse-Bouillon (Gemüseextrakt [Karotten, Lauch, Zwiebeln, Knoblauch], Weißweinextrakt, Speisesalz, Sonnenblumenöl, Gewürzextrakte), Speisesalz, Rapsöl, Kräuter (enthält SELLERIE), Verdickungsmittel: Guarkernmehl; Gewürze, Zucker. Das Produkt kann Spuren von EI, GLUTEN, MILCH und SENF enthalten.",262,63,"3,9","1,5","3,1","2,1","3,2","1,4",https://www.edeka24.de/Lebensmittel/Fertiggerichte/Suppen-Eintoepfe/Gut-Guenstig-Gemuesetopf-mit-Fleischbaellchen-800G.html,https://www.edeka24.de/out/pictures/generated/product/1/540_540_90/gutampampgamp220nstig_gemamp252setopf_mit_fleischbamp228llchen_800g.jpg
3687,Lebensmittel,Fertiggerichte,Suppen-Eintöpfe,Little Lunch Bio Chili Con Carne 350G,"3,89 €","11,11 €/kg","inkl. MwSt., zzgl. 4.95 € Versandkosten.",lieferbar innerhalb von 2-5 Werktagen,2023-05-03 02:24:20.850725,Bio Eintopf mit Rindfleisch und Gemüse,Hinweis zur Aufbewahrung: Nach dem Öffnen im Kühlschrank lagern und rasch konsumieren.,"Verantwortliches Lebensmittelunternehmen:
Allos Hof-Manufaktur GmbH, Postfach 107527, 28075 Bremen","Zutatenverzeichnis: (21%) Tomatenpüree*, (17%) Rindfleisch, (15,5%) Kidneybohnen*, (7,5%) rote Paprika*, (7,5%) Mais*, (6%) Zwiebeln, Traubensaft* aus Traubensaftkonzentrat, (5%) SELLERIE*, (4%) Kartoffeln*, (3%) Karotten*, (1,9%) Tomatenmark* (zweifach konzentriert), Gewürze* (Paprika, Knoblauch, Koriander, Kreuzkümmel, Chili, Zimt), Reisgrieß*, Meersalz, Stärke*, Sonnenblumenöl*, Kräuter* (0,35% Petersilie, Liebstöckel, Lorbeer), Rauchsalz (Meersalz, Rauch). *Zutaten aus kontrolliert biologischer Erzeugung",448,107,"4,4","1,5","9,5","3,8","5,7","1,2",https://www.edeka24.de/Lebensmittel/Fertiggerichte/Suppen-Eintoepfe/Little-Lunch-Bio-Chili-Con-Carne-350G.html,https://www.edeka24.de/out/pictures/generated/product/1/540_540_90/bio_little_lunch_chili_con_carne_350g.jpg
3688,Lebensmittel,Fertiggerichte,Suppen-Eintöpfe,Maggi Ein Teller Linsen Eintopf mit Speck 400G,"2,19 €","5,48 €/kg","inkl. MwSt., zzgl. 4.95 € Versandkosten.",lieferbar innerhalb von 2-5 Werktagen,2023-05-03 02:24:24.163922,Linseneintopf mit Speck,,"Verantwortliches Lebensmittelunternehmen:
Maggi GmbH, Julius-Bührer-Strasse 8, 78224 Singen","Zutatenverzeichnis: Wasser*, 15,1% Linsen*, 9,6% Tomatenmark*, 3,6% Karotten*, 3,3% geräucherter Speck* (Speck, Salz, Rauch), 3,1% Kartoffeln, 1,3% Zwiebeln*, WEIZENMEHL*, Gewürze*, Jodsalz (Salz, Kaliumjodat), Branntweinessig*, Kräuter*, Zucker*, Weißweinessig*, SELLERIE*, Würze* (aus WEIZEN), Salz, SELLERIESAMEN*, Sonnenblumenöl*. Kann EIER, MILCH, SENF und SOJA enthalten. *natürliche Zutaten.",324,77,"1,8","0,8","9,9","1,4","4,5","0,96",https://www.edeka24.de/Lebensmittel/Fertiggerichte/Suppen-Eintoepfe/Maggi-Ein-Teller-Linsen-Eintopf-mit-Speck-400G.html,https://www.edeka24.de/out/pictures/generated/product/1/540_540_90/maggi_ein_teller_eintopf_linse_mit_speck_400g.jpg
3689,Lebensmittel,Fertiggerichte,Suppen-Eintöpfe,Rettergut Bio Karottensuppe mit Ingwer 375ML,"3,49 €","9,31 €/l","inkl. MwSt., zzgl. 4.95 € Versandkosten.",lieferbar innerhalb von 2-5 Werktagen,2023-05-03 02:24:27.248009,-,,"Verantwortliches Lebensmittelunternehmen:
Dörrwerk GmbH, Im Marienpark 22, D-12107 Berlin","Zutatenverzeichnis: Gemüse* 44% (Karotten* 38%, Süßkartoffeln*, Zwiebeln*), Wasser, Kokosmilchzubereitung (Kokosnussextrakt*, Wasser), Maisstärke*, Sonnenblumenöl*, Orangensaftkonzentrat*, Meersalz, Ingwer*,Kokosraspeln*, Knoblauchpulver*, Chili*, *aus kontrolliert biologischem Anbau",296,71,"3,8","2,5","7,5","3,6","0,7","0,84",https://www.edeka24.de/Lebensmittel/Fertiggerichte/Suppen-Eintoepfe/Rettergut-Bio-Karottensuppe-mit-Ingwer-375ML.html,https://www.edeka24.de/out/pictures/generated/product/1/540_540_90/bio_rettergut_karottensuppe_mit_ingwer_375ml.jpg
3690,Lebensmittel,Fertiggerichte,Suppen-Eintöpfe,Alnatura Bio Rote Linsen Suppe 375ML,"2,79 €","7,44 €/l","inkl. MwSt., zzgl. 4.95 € Versandkosten.",lieferbar innerhalb von 2-5 Werktagen,2023-05-03 02:24:30.607329,Bio Rote Linsen-Cremesuppe,Hinweis zur Aufbewahrung: Bitte trocken lagern. Nach dem Öffnen im Kühlschrank aufbewahren und innerhalb von 1-2 Tagen verbrauchen.,"Verantwortliches Lebensmittelunternehmen:
Alnatura Produktions- und Handels GmbH, Mahatma-Gandhi-Str. 7, 64295 Darmstadt","Zutatenverzeichnis: Wasser, rote Linsen* 8%, Karotten*, Tomatenmark* einfach konzentriert 4%, Linsenmehl* rot 4%, Süßkartoffel*, Zucchini*, Aprikosen* getrocknet (Aprikosenstücke*, Reismehl*), Kokosmilch* (Kokosextrakt*, Wasser), Zwiebel*, Meersalz, Olivenöl*, Lauch*, Knoblauch*, Kreuzkümmel*, Ingwer*, Paprika*, Pfeffer weiß* *aus biologischer Landwirtschaft",274,65,"1,9","0,8",8,"2,9","2,1","2,7",https://www.edeka24.de/Lebensmittel/Fertiggerichte/Suppen-Eintoepfe/Alnatura-Bio-Rote-Linsen-Suppe-375ML.html,https://www.edeka24.de/out/pictures/generated/product/1/540_540_90/alnatura_bio_rote_linsen_suppe.jpg
3691,Lebensmittel,Fertiggerichte,Suppen-Eintöpfe,Little Lunch Bio Tomatensuppe 350ML,"3,79 €","10,83 €/l","inkl. MwSt., zzgl. 4.95 € Versandkosten.",lieferbar innerhalb von 2-5 Werktagen,2023-05-03 02:24:33.990395,Bio-Suppe mit Chili und Basilikum,,"Verantwortliches Lebensmittelunternehmen:
littlelunch GmbH, 86153 Augsburg","Zutatenverzeichnis: 70% Tomatenpüree*, Wasser, Zwiebeln*, Stärke*, Roh-Rohrzucker*, natives Olivenöl extra*, Meersalz, Basilikum*, Knoblauch*, Chilli*. *Zutaten aus biologischer Erzeugung",204,49,"1,2","0,2","7,5","4,8","1,2","0,8",https://www.edeka24.de/Lebensmittel/Fertiggerichte/Suppen-Eintoepfe/Little-Lunch-Bio-Tomatensuppe-350ML.html,https://www.edeka24.de/out/pictures/generated/product/1/540_540_90/little_lunch_bio_tomatensuppe_350_ml.jpg
3692,Lebensmittel,Fertiggerichte,Suppen-Eintöpfe,Lacroix Pfifferlingcreme Suppe 400ML,"3,39 €","8,48 €/l","inkl. MwSt., zzgl. 4.95 € Versandkosten.",lieferbar innerhalb von 2-5 Werktagen,2023-05-03 02:24:37.513274,-,,"Verantwortliches Lebensmittelunternehmen:
GB Foods Deutschland GmbH, D-23560 Lübeck","Zutatenverzeichnis: Wasser, Pfifferlinge 4 %, SAHNE 3,5 %, pflanzliche Öle (Palmöl, Rapsöl), modifizierte Stärke, Steinpilze, Zwiebeln, Jodsalz, WEIZENMEHL, AROMA (enthält SOJA, MILCH und SELLERIE), MILCHZUCKER, Tomatenmark, Gewürze, Säureregulator: Natriumcitrate; MILCHEIWEIß, MOLKENEIWEIß, Zucker, Verdickungsmittel: Guarkernmehl und Xanthan; GERSTENMALZEXTRAKT, Emulgator E 472e, färbender Kurkumaextrakt.",224,54,"4,2","1,2","3,4","0,4","0,5","1,1",https://www.edeka24.de/Lebensmittel/Fertiggerichte/Suppen-Eintoepfe/Lacroix-Pfifferlingcreme-Suppe-400ML.html,https://www.edeka24.de/out/pictures/generated/product/1/540_540_90/lacroixpfiffsupp.jpg
3693,Lebensmittel,Fertiggerichte,Suppen-Eintöpfe,Lacroix Kürbiscreme-Suppe 400ML,"3,49 €","8,73 €/l","inkl. MwSt., zzgl. 4.95 € Versandkosten.",lieferbar innerhalb von 2-5 Werktagen,2023-05-03 02:24:40.784337,-,,"Verantwortliches Lebensmittelunternehmen:
GB Foods Deutschland GmbH, D-23560 Lübeck","Zutatenverzeichnis: Wasser, Gemüse 26 % (Kürbis 22,6 %, Möhren, Zwiebeln), SAHNE 3,6 %, Apfelpüree 2,4 % (Apfelpüree, Zucker), modifizierte Stärke, pflanzliches Öl (Rapsöl), Mangopüree 1 %, Jodsalz, Zucker, Verdickungsmittel: Guarkernmehl, Johannisbrotkernmehl, Xanthan; AROMA (enthält WEIZEN, SOJA, MILCH und SELLERIE), MILCHZUCKER, weißer Pfeffer.",205,49,"2,7","0,8","5,0","3,0","0,5","0,98",https://www.edeka24.de/Lebensmittel/Fertiggerichte/Suppen-Eintoepfe/Lacroix-Kuerbiscreme-Suppe-400ML.html,https://www.edeka24.de/out/pictures/generated/product/1/540_540_90/lacroix_kamp252rbiscremesuppe_400ml.jpg
3694,Lebensmittel,Fertiggerichte,Suppen-Eintöpfe,Lacroix Lachs-Creme-Suppe 400ML,"3,39 €","8,48 €/l","inkl. MwSt., zzgl. 4.95 € Versandkosten.",lieferbar innerhalb von 2-5 Werktagen,2023-05-03 02:24:43.544284,-,,"Verantwortliches Lebensmittelunternehmen:
GB Foods Deutschland GmbH, D-23560 Lübeck","Zutatenverzeichnis: Wasser, SAHNE 3%, pflanzliche Öle (Palmöl, Rapsöl), RÄUCHERLACHS 3% (LACHS (Salmo Salar: gezüchtet in Chile, Produktionsmethode: Aquakultur), Speisesalz, Rauch), modifizierte Stärke, WEIßWEIN (enthält SULFITE), Tomatenmark, Zwiebeln, Jodsalz, NATÜRLICHES AROMA (enthält FISCH, KREBSTIERE, WEICHTIERE, SOJA und SELLERIE), Verdickungsmittel: Guarkernmehl und Xanthan; WEIZENMEHL, MILCHZUCKER, Dill, MILCHEIWEIß, MOLKENEIWEIß, Zucker, färbender Paprikaextrakt, Zitronensaftkonzentrat, Gewürze, Emulgator E 472e.",277,67,"4,9","2,4","4,1","1,1","1,3","1,0",https://www.edeka24.de/Lebensmittel/Fertiggerichte/Suppen-Eintoepfe/Lacroix-Lachs-Creme-Suppe-400ML.html,https://www.edeka24.de/out/pictures/generated/product/1/540_540_90/lacroixlachscremesuppe.jpg
3695,Lebensmittel,Fertiggerichte,Suppen-Eintöpfe,Sonnen Bassermann Hühner Bouillon 400ML,"2,19 €","5,48 €/l","inkl. MwSt., zzgl. 4.95 € Versandkosten.",lieferbar innerhalb von 2-5 Werktagen,2023-05-03 02:24:46.637281,-,Hinweis zur Aufbewahrung: Gewichtsverlust durch Erhitzen.,"Verantwortliches Lebensmittelunternehmen:
Struik Foods Deutschland GmbH, Clara-Zetkin-Straße 8-15 D-14547 Beelitz (Brandenburg)","Zutatenverzeichnis: Wasser, Fleischklößchen 4,9% (Putenfleisch, Wasser, Paniermehl (enthält WEIZEN, GERSTE), WEIZENMEHL, jodiertes Speisesalz, Kräuter, Dextrose, Gewürze, Karottenpulver, Maltodextrin), Hühnerfett, gekochtes Hühnerfleisch 2,4% (Hühnerfleisch, Wasser, Speisesalz), Eierstich 1,9% (VOLLEI, Wasser, Sonnenblumenöl, MAGERMILCHPULVER, Speisesalz, Verdickungsmittel (Guarkernmehl, Xanthan)), Karotten 1,9%, Speisesalz, modifizierte Maisstärke, Aromen (enthält MILCH), jodiertes Speisesalz, LAKTOSE, Zucker, Verdickungsmittel (Guarkernmehl), Gewürze, Palmöl, Antioxidationsmittel (Ascorbinsäure), natürliches Aroma, Säureregulator (Citronensäure), Schweineschmalz, Kräuter, EIGELBPULVER, Maltodextrin, Karamellzucker, Gewürzextrakt (enthält SELLERIE).",44,182,"3,4",1,1,"0,1","2,2","1,06",https://www.edeka24.de/Lebensmittel/Fertiggerichte/Suppen-Eintoepfe/Sonnen-Bassermann-Huehner-Bouillon-400ML.html,https://www.edeka24.de/out/pictures/generated/product/1/540_540_90/sonnen_bassermann_hhner_bouillon.jpg
3696,Lebensmittel,Fertiggerichte,Suppen-Eintöpfe,Sonnen Bassermann Reis-Eintopf mit Fleischbällchen 800G,"3,49 €","4,36 €/kg","inkl. MwSt., zzgl. 4.95 € Versandkosten.",lieferbar innerhalb von 2-5 Werktagen,2023-05-03 02:24:50.240825,-,Hinweis zur Aufbewahrung: Gewichtsverlust durch Erhitzen.,"Verantwortliches Lebensmittelunternehmen:
Sonnen Bassermann Deutschland GmbH, Postfach 11 14, D-14547 Beelitz (Brandenburg)","Zutatenverzeichnis: Wasser, 17% gekochter Reis (Wasser, Reis), 6% Fleischklößchen (Schweinefleisch, Wasser, Paniermehl (enthält WEIZEN), Stärke, Speisesalz, Dextrose, Gewürze, Zwiebelpulver, Kräuter, Zwiebeln), 5% Karotten, 1,7% Zwiebeln, 1,4% Porree, Speisesalz, 0,8% grüne Erbsen, modifizierte Stärke, Hühnerfett, Rapsöl, Petersilie, natürliches Aroma, Farbstoff (Carotine), Gewürzextrakt. Kann Spuren von MILCH, EI, SOJA, SELLERIE und SENF enthalten.",222,53,"2,2","0,5","6,7","0,4","1,5",1,https://www.edeka24.de/Lebensmittel/Fertiggerichte/Suppen-Eintoepfe/Sonnen-Bassermann-Reis-Eintopf-mit-Fleischbaellchen-800G.html,https://www.edeka24.de/out/pictures/generated/product/1/540_540_90/sbreiei.jpg
3697,Lebensmittel,Fertiggerichte,Suppen-Eintöpfe,Little Lunch Bio Protein Bowl 350G,"3,79 €","10,83 €/kg","inkl. MwSt., zzgl. 4.95 € Versandkosten.",lieferbar innerhalb von 2-5 Werktagen,2023-05-03 02:24:53.639321,Bio Gemüseeintopf mit Tomaten und Linsen,Hinweis zur Aufbewahrung: Nach dem Öffnen im Kühlschrank lagern und rasch konsumieren.,"Verantwortliches Lebensmittelunternehmen:
Allos Hof-Manufaktur GmbH, Postfach 107527, 28075 Bremen","Zutatenverzeichnis: 21% Linsen* gekocht, 18,6% Tomatenpüree*, Wasser, 9% Kichererbsen*, 8% Zwiebeln*, 6% grüne Bohnen*, 5% Kidney-Bohnen*, 5% rote Paprika*, Traubensaft* (aus Traubensaftkonzentrat), Stärke*, SOJAEIWEISSERZEUGNIS*, Gewürze* (Paprika*, Knoblauch*, Kreuzkümmel, Kümmel*, Chili*), Meersalz, Sonnenblumenöl*, Petersilie*, Majoran*, Verdickungsmittel* (Johannisbrotkernmehl, Guarkernmehl). Kann Spuren von GLUTEN enthalten. *Zutaten aus kontrolliert biologischer Erzeugung",328,78,"1,5","0,2","10,2","2,6","4,2","1,1",https://www.edeka24.de/Lebensmittel/Fertiggerichte/Suppen-Eintoepfe/Little-Lunch-Bio-Protein-Bowl-350G.html,https://www.edeka24.de/out/pictures/generated/product/1/540_540_90/bio_little_lunch_protein_bowl_350g.jpg
3698,Lebensmittel,Fertiggerichte,Suppen-Eintöpfe,Lacroix Ragout Fin 400G,"6,99 €","17,48 €/kg","inkl. MwSt., zzgl. 4.95 € Versandkosten.",lieferbar innerhalb von 2-5 Werktagen,2023-05-03 02:24:56.812783,-,,"Verantwortliches Lebensmittelunternehmen:
GB Foods Deutschland GmbH, D-23560 Lübeck","Zutatenverzeichnis: Zutaten: Truthahnfleisch 37%, Wasser, Kalbfleisch 16%, modifizierte Maisstärke, Champignons 2%, SAHNE, Weißwein, WEIZENMEHL, jodiertes Speisesalz, Zitronensaftkonzentrat, gekörnte Brühe (Würze, Speisesalz, Sonnenblumenöl), Branntweinessig, Zucker, MILCHEIWEIß, Verdickungsmittel: Guarkernmehl und Carrageen, natürliches Aroma, Säuerungsmittel: Citronensäure, LAKTOSE, GEWÜRZE (enthält SENF).",424,102,"5,9","2,7","4,3","0,3","7,4","1,3",https://www.edeka24.de/Lebensmittel/Fertiggerichte/Suppen-Eintoepfe/Lacroix-Ragout-Fin-400G.html,https://www.edeka24.de/out/pictures/generated/product/1/540_540_90/lacroix_ragout_fin_toulouser_art_400g.jpg
3699,Lebensmittel,Fertiggerichte,Suppen-Eintöpfe,Sonnen Bassermann Frühlingstopf mit leckeren Fleischklößchen 800G,"3,49 €","4,36 €/kg","inkl. MwSt., zzgl. 4.95 € Versandkosten.",lieferbar innerhalb von 2-5 Werktagen,2023-05-03 02:24:59.587917,Frühlingstopf mit Schweinefleischklößchen,,"Verantwortliches Lebensmittelunternehmen:
Sonnen Bassermann Deutschland GmbH, Postfach 11 14, D-14547 Beelitz (Brandenburg)","Zutatenverzeichnis: Wasser, 28% Gemüse (12% Karotten, 3,4% grüne Erbsen, 3,4% KNOLLENSELLERIE, 3,4% Weißkohl, 2,2% grüne Bohnen, 1,8% Kohlrabi, 0,7& Porree), Kartoffeln, 3% gekochte Nudeln (Wasser, HARTWEIZENGRIEß, HÜHNEREI-EIWEIß), 2,9% Schweinefleischklößchen (Schweinefleisch, Wasser, Paniermehl (enthält WEIZEN), Stärke, Speisesalz, Dextrose, Gewürze, Zwiebelpulver, Kräuter, Zwiebeln), modifizierte Stärke, Hühnerfett, Speisesalz, natürliche Aromen (enthält SELLERIE), Zucker, Gewürze, Säuerungsmittel (Citronensäure), Farbstoff (Paprikaextrakt), Meersalz, Gewürzextrakt. Kann Spuren von Milch, SOJA und SENF enthalten.",146,35,"1,4","0,5",4,"1,1",1,"0,98",https://www.edeka24.de/Lebensmittel/Fertiggerichte/Suppen-Eintoepfe/Sonnen-Bassermann-Fruehlingstopf-mit-leckeren-Fleischkloesschen-800G.html,https://www.edeka24.de/out/pictures/generated/product/1/540_540_90/sbfrheintleckfleisch.jpg
3700,Lebensmittel,Fertiggerichte,Suppen-Eintöpfe,Maggi Ein Teller Hühner Nudel Eintopf 400G,"2,19 €","5,48 €/kg","inkl. MwSt., zzgl. 4.95 € Versandkosten.",lieferbar innerhalb von 2-5 Werktagen,2023-05-03 02:25:02.673184,Hühner-Nudel-Eintopf,,"Verantwortliches Lebensmittelunternehmen:
Maggi GmbH, Julius-Bührer-Strasse 8, 78224 Singen","Zutatenverzeichnis: Wasser*, 24,5% Nudeln* (HARTWEIZENGRIESS, HÜHNEREI-EIWEISS), 4% Hühnerfleisch*, 3,2% Karotten*, 0,9% Hühnerfett*, 0,8% Lauch*, Jodsalz (Salz, Kaliumjodat), natürliche Aromen*, Würze* (aus WEIZEN), Petersilie*, Salz, Gewürze*, Zucker*, natürliches Zwiebelaroma mit anderen natürlichen Aromen*, Zitronensaft*, natürliches Zitronenaroma*, Sonnenblumenöl*, Antioxidationsmittel Extrakt aus Rosmarin*. Kann SELLERIE, MILCH, SENF und SOJA enthalten. *natürliche Zutaten.",184,44,"1,3","0,3","5,4","0,5","2,4","0,88",https://www.edeka24.de/Lebensmittel/Fertiggerichte/Suppen-Eintoepfe/Maggi-Ein-Teller-Huehner-Nudel-Eintopf-400G.html,https://www.edeka24.de/out/pictures/generated/product/1/540_540_90/maggi_ein_teller_eintopf_hamp252hner_nudel_400g.jpg
3701,Lebensmittel,Fertiggerichte,Suppen-Eintöpfe,Rettergut Bio Kartoffelsuppe mit Lauch 375ML,"3,49 €","9,31 €/l","inkl. MwSt., zzgl. 4.95 € Versandkosten.",lieferbar innerhalb von 2-5 Werktagen,2023-05-03 02:25:06.294491,-,,"Verantwortliches Lebensmittelunternehmen:
Dörrwerk GmbH, Im Marienpark 22, D-12107 Berlin","Zutatenverzeichnis: Wasser, Gemüse* 45% (Kartoffeln* 25%, Lauch* 9%, Karotten*,Zwiebeln*, SELLERIE*,), Sonnenblumenöl*, Gemüsebrühe* (Meersalz, Zwiebeln*, Karotten*, Lauch*, Pastinaken*, Petersilie*, Curcuma*, Knoblauch*, Muskatnuss*, Liebstockblatt*, Pfeffer*), Röstzwiebeln* (Zwiebeln*, Sonnenblumenöl*), Meersalz, Liebstöckel*, Curcuma*, Petersilie*, Paprika*, Salz geräuchert (Salz, Rauch, Trennmittel Siliciumdioxid), Marojan*, Pfeffer*, Muskat* *aus kontrolliert biologischem Anbau",231,55,"2,5","0,3","6,1","1,5","1,1","0,87",https://www.edeka24.de/Lebensmittel/Fertiggerichte/Suppen-Eintoepfe/Rettergut-Bio-Kartoffelsuppe-mit-Lauch-375ML.html,https://www.edeka24.de/out/pictures/generated/product/1/540_540_90/bio_rettergut_kartoffelsuppe_mit_lauch_375_ml.jpg
3702,Lebensmittel,Fertiggerichte,Suppen-Eintöpfe,Edeka Rindersuppe 480ML,"2,19 €","4,56 €/l","inkl. MwSt., zzgl. 4.95 € Versandkosten.",lieferbar innerhalb von 2-5 Werktagen,2023-05-03 02:25:09.875247,Rindersuppe mit Gemüse und Muschelnudeln,"Hinweis zur Aufbewahrung: Trocken lagern. Nach dem Öffnen den Restinhalt der Dose in ein geeignetes Gefäß umfüllen, gekühlt aufbewahren und alsbaldig verbrauchen.","Verantwortliches Lebensmittelunternehmen:
EDEKA ZENTRALE Stiftung & Co. KG, D-22291 Hamburg","Zutatenverzeichnis: Wasser, 13% Gemüse in veränderlichen Gewichtsanteilen (gelbe Rüben, Karotten, SELLERIE, Porree, Erbsen), 8% gegarte Nudeln (HARTWEIZENGRIESS, Wasser, HÜHNEREIEIWEISS), 5,8% gegartes Rindfleischerzeugnis (Rindfleisch, Wasser, Speisesalz), Rinderbrühe gekörnt (Speisesalz, Rindfleischextrakt, Zucker, Sonnenblumenöl, Karamellzucker, Maltodextrin, Gewürzextrakt), Sonnenblumenöl, SOJASAUCE (Wasser, SOJABOHNEN, Speisesalz, WEIZENMEHL), Kräuter, Gewürze.",45,189,"1,9","0,5",4,"0,7","2,7","1,3",https://www.edeka24.de/Lebensmittel/Fertiggerichte/Suppen-Eintoepfe/Edeka-Rindersuppe-480ML.html,https://www.edeka24.de/out/pictures/generated/product/1/540_540_90/edeka_rindersuppe_mit_nudeln_480ml.jpg
3703,Lebensmittel,Fertiggerichte,Trinkmahlzeiten,yfood Choco Vegan Trinkmahlzeit 500ML,"4,49 €","8,98 €/l","inkl. MwSt., zzgl. 4.95 € Versandkosten.",lieferbar innerhalb von 2-5 Werktagen,2023-05-03 02:25:13.069664,Pflanzliche Trinkmahlzeit mit Schokogeschmack. Mit Süßungsmittel.,Hinweis zur Aufbewahrung: Einmal geöffnet bitte gekühlt lagern und innerhalb eines Tages verzehren.,"Verantwortliches Lebensmittelunternehmen:
YFood Labs GmbH, Landwehrstrasse 60-62, 80336 München","Zutatenverzeichnis: Wasser, SOJAPROTEIN, pflanzliche Öle (Raps, Sonnenblume), lösliche Maisfaser, Maltodextrin, glutenfreie HAFERFASER, Tapiokastärke, Reispulver (Reismehl, Reisstärke, Reissirup), fettarmer Kakao 1,9%, Vitamine (A, C, K, B1, B3, B5, B6, Folsäure, B12), Mineralstoffe (Chlorid, Calcium, Magnesium, Zink, Mangan, Selen, Chrom, Molybdän, Jod), Emulgator: Lecithine (SOJA); Maisstärke, Süßungsmittel: Sucralose; Stabilisatoren: Johannisbrotkernmehl, Gellan; Salz, natürliche Aromen.",418,100,"4,9","0,5","7,8","0,8","5,3","0,24",https://www.edeka24.de/Lebensmittel/Fertiggerichte/Trinkmahlzeiten/yfood-Choco-Vegan-Trinkmahlzeit-500ML.html,https://www.edeka24.de/out/pictures/generated/product/1/540_540_90/yfoodchoco.jpg
3704,Lebensmittel,Fertiggerichte,Trinkmahlzeiten,yfood Classic Chocolate Trinkmahlzeit 500ML,"4,29 €","8,58 €/l","inkl. MwSt., zzgl. 4.95 € Versandkosten.",lieferbar innerhalb von 2-5 Werktagen,2023-05-03 02:25:15.907069,"Laktosefreies Milchmischgetränk mit Schokogeschmack und Pflanzenölen. Mit Süßungsmitteln. mit hohem Proteingehalt, Vitaminen und Mineralstoffen. Ultrahocherhitzt. Mit 1,5% Fett im Milchanteil.","Hinweis zur Aufbewahrung: Einmal geöffnet, gekühlt lagern und innerhalb eines Tages verbrauchen.","Verantwortliches Lebensmittelunternehmen:
YFood Labs GmbH, Landwehrstrasse 60-62, 80336 München","Zutatenverzeichnis: Fettarme MILCH, Wasser, MILCHEIWEIß, Maltodextrin, pflanzliche Öle (Rapsöl, Sonnenblumenöl) 2,7 %, Kokosnussmilch, glutenfreie HAFERFASERN, fettarmes Kakaopulver 1,5 %, Reisstärke, Vitamin A, Vitamin D, Vitamin E, Vitamin K, Vitamin C, Thiamin, Niacin, Vitamin B6, Folsäure, Vitamin B12, Biotin, Pantothensäure, Calciumcarbonat, Magnesiumhydroxid, Eisendiphosphat, Zinksulfat, Kupfersulfat, Mangansulfat, Natriumselenit, Chrom(III)-chlorid, Natriummolybdat, Kaliumiodid, Natriumcitrat, Emulgator: Lecithine; Süßungsmittel: Acesulfam K, Sucralose, Stabilisatoren: Gellan, Carrageen; Laktase, natürliche Aromen.",100,419,"4,5",1,"7,7","4,3","6,6","0,09",https://www.edeka24.de/Lebensmittel/Fertiggerichte/Trinkmahlzeiten/yfood-Classic-Chocolate-Trinkmahlzeit-500ML.html,https://www.edeka24.de/out/pictures/generated/product/1/540_540_90/yfood_alpine_chocolate_trinkmahlzeit_500ml.jpg
3705,Lebensmittel,Fertiggerichte,Trinkmahlzeiten,yfood Cold Brew Coffee Trinkmahlzeit 500ML,"4,29 €","8,58 €/l","inkl. MwSt., zzgl. 4.95 € Versandkosten.",lieferbar innerhalb von 2-5 Werktagen,2023-05-03 02:25:19.181256,"Koffeinhaltiges, laktosefreies Milchmischerzeugnis","Hinweis zur Aufbewahrung: Einmal geöffnet, gekühlt lagern und innerhalb eines Tages verbrauchen.","Verantwortliches Lebensmittelunternehmen:
YFood Labs GmbH, Landwehrstrasse 60-62, 80336 München","Zutatenverzeichnis: Fettarme MILCH, Wasser, MILCHEIWEIß, Maltodextrin, pflanzliche Öle (Rapsöl, Sonnenblumenöl) 2,8 %, Kokosnussmilch, glutenfreie HAFERFASERN, Kaffeegetränk konzentriert 1,8 %, Reisstärke, fettarmes Kakaopulver, Vitamin A, Vitamin D, Vitamin E, Vitamin K, Vitamin C, Thiamin, Niacin, Vitamin B6, Folsäure, Vitamin B12, Biotin, Pantothensäure, Calciumcarbonat, Magnesiumhydroxid, Eisendiphosphat, Zinksulfat, Kupfersulfat, Mangansulfat, Natriumselenit, Chrom(III)-chlorid, Natriummolybdat, Kaliumiodid, Natriumcitrat, Emulgator: Lecithine; Süßungsmittel: Acesulfam K, Sucralose, Stabilisatoren: Gellan, Carrageen; Laktase, natürliche Aromen.",419,100,"4,6",1,"6,9","4,5","6,8","0,17",https://www.edeka24.de/Lebensmittel/Fertiggerichte/Trinkmahlzeiten/yfood-Cold-Brew-Coffee-Trinkmahlzeit-500ML.html,https://www.edeka24.de/out/pictures/generated/product/1/540_540_90/yfood_cold_brew_coffee_trinkmahlzeit_500ml.jpg
3706,Lebensmittel,Fertiggerichte,Trinkmahlzeiten,yfood Crazy Coconut Trinkmahlzeit 500ML,"4,29 €","8,58 €/l","inkl. MwSt., zzgl. 4.95 € Versandkosten.",lieferbar innerhalb von 2-5 Werktagen,2023-05-03 02:25:23.851169,"Laktosefreies Milchmischerzeugnis mit Kokosnussgeschmack und Pflanzenölen. Mit Süßungsmittel. Ultrahocherhitzt. Mit 1,5% Fett im Milchanteil.","Hinweis zur Aufbewahrung: Einmal geöffnet, bitte gekühlt lagern und innerhalb eines Tages verzehren.","Verantwortliches Lebensmittelunternehmen:
YFood Labs GmbH, Landwehrstrasse 60-62, 80336 München","Zutatenverzeichnis: Fettarme MILCH, Wasser, MILCHEIWEISS, pflanzliche Öle 2,8% (Raps, Sonnenblume), glutenfreie HAFERFASER, lösliche Maisfaser, Reispulver (Reismehl, Reisstärke, Reissirup), Kokosnussmilch 0,1%, Vitamine (A, C, D, K, B1, B3, B5, B6, Folsäure, Biotin), Mineralstoffe (Magnesium, Eisen, Kupfer, Mangan, Selen, Chrom, Molybdän, Jod), Emulgator: Lecithine; Maltodextrin, Süßungsmittel: Sucralose; Stabilisatoren: Gellan, verarbeitete Euchema-Algen; Laktase, natürliche Aromen.",419,100,"4,6",1,7,"4,6","6,8","0,17",https://www.edeka24.de/Lebensmittel/Fertiggerichte/Trinkmahlzeiten/yfood-Crazy-Coconut-Trinkmahlzeit-500ML.html,https://www.edeka24.de/out/pictures/generated/product/1/540_540_90/yfcrazycoco.jpg
3707,Lebensmittel,Fertiggerichte,Trinkmahlzeiten,yfood Fresh Berry Trinkmahlzeit 500ML,"4,29 €","8,58 €/l","inkl. MwSt., zzgl. 4.95 € Versandkosten.",lieferbar innerhalb von 2-5 Werktagen,2023-05-03 02:25:29.416032,"Laktosefreies Milchmischerzeugnis mit Beerengeschmack und Pflanzenölen. Mit Süßungsmittel. Mit hohem Proteingehalt, Vitaminen und Mineralstoffen. Ultrahocherhitzt. Mit 1,5% Fett im Milchanteil.","Hinweis zur Aufbewahrung: Einmal geöffnet, gekühlt lagern und innerhalb eines Tages verbrauchen","Verantwortliches Lebensmittelunternehmen:
YFood Labs GmbH, Landwehrstraße 60-62, 80336 München","Zutatenverzeichnis: Fettarme MILCH, Wasser, MILCHEIWEIß, Maltodextrin, pflanzliche Öle (Rapsöl, Sonnenblumenöl) 2,9 %, Kokosnussmilch, glutenfreie HAFERFASERN, Himbeerpüree 0,7 %, Erdbeerpüree 0,7 %, Reisstärke, Vitamin A, Vitamin D, Vitamin E, Vitamin K, Vitamin C, Thiamin, Niacin, Vitamin B6, Folsäure, Vitamin B12, Biotin, Pantothensäure, Calciumcarbonat, Magnesiumhydroxid, Eisendiphosphat, Zinksulfat, Kupfersulfat, Mangansulfat, Natriumselenit, Chrom(III)-chlorid, Natriummolybdat, Kaliumiodid, Natriumcitrat, Emulgator: Lecithine; Süßungsmittel: Acesulfam K, Sucralose; Stabilisatoren: Gellan, Carrageen; Farbstoff: Lycopin; Laktase, natürliche Aromen.",418,100,"4,6",1,7,"4,6","6,8","0,15",https://www.edeka24.de/Lebensmittel/Fertiggerichte/Trinkmahlzeiten/yfood-Fresh-Berry-Trinkmahlzeit-500ML.html,https://www.edeka24.de/out/pictures/generated/product/1/540_540_90/yfood_fresh_berry_trinkmahlzeit_500ml.jpg
3708,Lebensmittel,Fertiggerichte,Trinkmahlzeiten,yfood Happy Banana Trinkmahlzeit 500ML,"4,29 €","8,58 €/l","inkl. MwSt., zzgl. 4.95 € Versandkosten.",lieferbar innerhalb von 2-5 Werktagen,2023-05-03 02:25:33.499812,"Laktosefreies Milchmischerugnis mit Bananengeschmack und Pflanzenölen. Mit Süßungsmitteln. Mit hohem Proteingehalt, Vitaminen und Mineralstoffen. Ultrahocherhitzt. Mit 1,5% Fett im Milchanteil.","Hinweis zur Aufbewahrung: Einmal geöffnet, gekühlt lagern und innerhalb eines Tages verbrauchen","Verantwortliches Lebensmittelunternehmen:
YFood Labs GmbH, Landwehrstraße 60-62, 80336 München","Zutatenverzeichnis: Fettarme MILCH, Wasser, MILCHEIWEIß, Maltodextrin, pflanzliche Öle (Rapsöl, Sonnenblumenöl) 2,8 %, Kokosnussmilch, glutenfreie HAFERFASERN, Bananenpüree 1,7 %, Reisstärke, Vitamin A, Vitamin D, Vitamin E, Vitamin K, Vitamin C, Thiamin, Niacin, Vitamin B6, Folsäure, Vitamin B12, Biotin, Pantothensäure, Calciumcarbonat, Magnesiumhydroxid, Eisendiphosphat, Zinksulfat, Kupfersulfat, Mangansulfat, Natriumselenit, Chrom(III)-chlorid, Natriummolybdat, Kaliumiodid, Natriumcitrat, Emulgator: Lecithine; Süßungsmittel: Acesulfam K, Sucralose, Stabilisatoren: Gellan, Carrageen; Laktase, natürliche Aromen.",100,419,"4,4","0,6","7,7","4,4","6,7","0,09",https://www.edeka24.de/Lebensmittel/Fertiggerichte/Trinkmahlzeiten/yfood-Happy-Banana-Trinkmahlzeit-500ML.html,https://www.edeka24.de/out/pictures/generated/product/1/540_540_90/yfhappybanana.jpg
3709,Lebensmittel,Fertiggerichte,Trinkmahlzeiten,yfood Smooth Vanilla Trinkmahlzeit 500ML,"4,29 €","8,58 €/l","inkl. MwSt., zzgl. 4.95 € Versandkosten.",lieferbar innerhalb von 2-5 Werktagen,2023-05-03 02:25:41.848765,"Laktosefreies Milchmischgetränk mit Vanillegeschmack und Pflanzenölen. Mit Süßungsmittel. Mit hohem Proteingehalt, Vitaminen und Mineralstoffen. Ultrahocherhitzt. Mit 1,5% Fett im Milchanteil.","Hinweis zur Aufbewahrung: Einmal geöffnet, gekühlt lagern und innerhalb eines Tages verbrauchen.","Verantwortliches Lebensmittelunternehmen:
YFood Labs GmbH, Landwehrstrasse 60-62, 80336 München","Zutatenverzeichnis: Fettarme MILCH, Wasser, MILCHEIWEIß, Maltodextrin, pflanzliche Öle (Rapsöl, Sonnenblumenöl) 2,9 %, Kokosnussmilch, glutenfreie HAFERFASERN, Reisstärke, Vitamin A, Vitamin D, Vitamin E, Vitamin K, Vitamin C, Thiamin, Niacin, Vitamin B6, Folsäure, Vitamin B12, Biotin, Pantothensäure, Calciumcarbonat, Magnesiumhydroxid, Eisendiphosphat, Zinksulfat, Kupfersulfat, Mangansulfat, Natriumselenit, Chrom(III)-chlorid, Natriummolybdat, Kaliumiodid, Natriumcitrat, Emulgator: Lecithine; Süßungsmittel: Acesulfam K, Sucralose, Stabilisatoren: Gellan, Carrageen; Laktase, natürliche Aromen.",418,100,"4,7",1,"6,8","4,5","6,8","0,17",https://www.edeka24.de/Lebensmittel/Fertiggerichte/Trinkmahlzeiten/yfood-Smooth-Vanilla-Trinkmahlzeit-500ML.html,https://www.edeka24.de/out/pictures/generated/product/1/540_540_90/yfood_smooth_vanilla_trinkmahlzeit_500ml.jpg
3710,Lebensmittel,Fertiggerichte,Trinkmahlzeiten,yfood Trinkmahlzeit Heavenly Hazelnut 500ML,"4,29 €","8,58 €/l","inkl. MwSt., zzgl. 4.95 € Versandkosten.",lieferbar innerhalb von 2-5 Werktagen,2023-05-03 02:25:45.899663,"Laktosefreies Milchmischerzeugnis Mit Haselnussgeschmack und Pflanzenölen. Mit Süßungsmitteln. Ultrahocherhitzt. Mit 1,5% Fett im Milchanteil.",Hinweis zur Aufbewahrung: Einmal geöffnet bitte gekühlt lagern und innerhalb eines Tages verzehren.,"Verantwortliches Lebensmittelunternehmen:
YFood Labs GmbH, Landwehrstrasse 60-62, 80336 München","Zutatenverzeichnis: Fettarme MILCH, Wasser, MILCHEIWEIß, pflanzliche Öle 2,9% (Raps, Sonnenblume), Kokosnussmilch, glutenfreie HAFERFASER, lösliche Maisfaser, Reispulver (Reismehl, Reisstärke, Reissirup), fettarmer Kakao, Vitamine (A, C, D, E, K, B1, B3, B5, B6, Folsäure, Biotin), Mineralstoffe (Magnesium, Eisen, Kupfer, Mangan, Selen, Chrom, Molybdän, Jod), Emulgator: Lecithine; Maltodextrin, Süßungsmittel: Sucralose; Stabilisatoren: Gellan, verarbeitete Euchema-Algen; Laktase, natürliche Aromen.",419,100,"4,7",1,"6,9","4,5","6,7","0,15",https://www.edeka24.de/Lebensmittel/Fertiggerichte/Trinkmahlzeiten/yfood-Trinkmahlzeit-Heavenly-Hazelnut-500ML.html,https://www.edeka24.de/out/pictures/generated/product/1/540_540_90/yfoodhazelnut.jpg
3711,Lebensmittel,Fertiggerichte,Trinkmahlzeiten,Yokebe Classic 500G,"18,49 €","36,98 €/kg","inkl. MwSt., zzgl. 4.95 € Versandkosten.",lieferbar innerhalb von 2-5 Werktagen,2023-05-03 02:25:53.504014,Mahlzersatz für eine gewochtskontrollierende Ernährung,"Hinweis zur Aufbewahrung: Kühl, trocken und vor Licht geschützt lagern.","Verantwortliches Lebensmittelunternehmen:
Naturwohl Pharma GmbH, Benzstraße 25, 71083 Herrenberg","Zutatenverzeichnis: SOJAPROTEINISOLAT (41,0 %), Honig (15,3 %), MAGERMILCHPULVER, MOLKENPROTEINKONZENTRAT (10,1 %), Maltodextrin, MILCHPROTEINKONZENTRAT (5,0 %), Maisdextrin, Kaliumphosphat, Magnesiumhydroxid, Trennmittel Siliciumdioxid, Vitamin C, Vitamin E, Eisenphosphat, Emulgator SOJA-LECITHIN, Niacin, Zinkoxid, Antioxidatinsmittel Alpha-Tocopherol, Mangansulfat, Calcium-D-pantothenat, Thiamin (Vitamin B1), Vitamin B6, Vitamin A, Kupfercarbonat, Vitamin K, Natriumselenit, Folsäure, Vitamin D3.",,,,,,,,,https://www.edeka24.de/Lebensmittel/Fertiggerichte/Trinkmahlzeiten/Yokebe-Classic-500G.html,https://www.edeka24.de/out/pictures/generated/product/1/540_540_90/yokebe.jpg
